timestamp,bid,ask
2025-04-22 11:51:23.959558,4.2792,4.2809
2025-04-22 11:51:42.144082,4.2793,4.281
2025-04-22 20:42:25.102071,4.2825,4.2857
2025-04-22 20:56:32.676633,4.2837,4.2883
2025-04-22 20:56:35.808765,4.2835,4.2883
2025-04-22 20:56:47.460832,4.2836,4.2883
2025-04-22 20:56:49.771750,4.2835,4.2883
2025-04-22 20:56:50.274051,4.2836,4.2883
2025-04-22 20:56:57.781288,4.2835,4.2883
2025-04-22 20:57:01.652157,4.2836,4.2883
2025-04-22 20:57:03.011734,4.2835,4.2883
2025-04-22 20:57:03.617012,4.2835,4.2889
2025-04-22 20:59:55.976170,4.2827,4.2885
2025-04-22 20:59:57.220141,4.2814,4.2872
2025-04-22 20:59:58.595891,4.2756,4.2913
2025-04-22 21:03:15.536666,4.2768,4.292
2025-04-22 21:05:01.628998,4.2771,4.2915
2025-04-22 21:07:04.716699,4.2762,4.2908
2025-04-22 21:10:08.983828,4.2746,4.2923
2025-04-22 21:10:09.486301,4.2757,4.2906
2025-04-22 21:10:19.990666,4.2759,4.291
2025-04-22 21:11:10.036448,4.2757,4.2911
2025-04-22 21:11:43.051291,4.2766,4.2913
2025-04-22 21:12:43.263181,4.2753,4.2918
2025-04-22 21:12:43.769309,4.2763,4.2908
2025-04-22 21:12:44.266553,4.2753,4.2908
2025-04-22 21:12:44.769584,4.2753,4.2918
2025-04-22 21:12:48.757507,4.2763,4.2908
2025-04-22 21:12:50.259078,4.2753,4.2918
2025-04-22 21:12:51.269679,4.2763,4.2908
2025-04-22 21:12:51.766758,4.2753,4.2918
2025-04-22 21:12:52.270827,4.2763,4.2908
2025-04-22 21:12:53.263267,4.2753,4.2918
2025-04-22 21:12:53.770898,4.2763,4.2908
2025-04-22 21:12:54.272868,4.2753,4.2918
2025-04-22 21:12:54.761210,4.2763,4.2908
2025-04-22 21:12:55.266201,4.2753,4.2918
2025-04-22 21:12:56.760521,4.2763,4.2908
2025-04-22 21:12:58.265130,4.2753,4.2918
2025-04-22 21:12:59.263802,4.2763,4.2908
2025-04-22 21:13:00.268752,4.2753,4.2908
2025-04-22 21:13:00.779390,4.2763,4.2908
2025-04-22 21:13:04.279263,4.2753,4.2918
2025-04-22 21:13:04.786445,4.2763,4.2908
2025-04-22 21:13:06.776895,4.2753,4.2918
2025-04-22 21:13:07.783611,4.2763,4.2908
2025-04-22 21:13:08.785557,4.2753,4.2918
2025-04-22 21:13:09.779698,4.2763,4.2908
2025-04-22 21:13:10.281021,4.2753,4.2908
2025-04-22 21:13:10.780895,4.2753,4.2918
2025-04-22 21:13:12.276467,4.2763,4.2908
2025-04-22 21:13:12.781341,4.2753,4.2918
2025-04-22 21:13:14.792175,4.2763,4.2908
2025-04-22 21:13:15.795231,4.2753,4.2918
2025-04-22 21:13:16.300625,4.2763,4.2908
2025-04-22 21:13:17.801584,4.2753,4.2918
2025-04-22 21:13:18.799730,4.2763,4.2908
2025-04-22 21:13:20.798721,4.2753,4.2918
2025-04-22 21:13:22.811060,4.2763,4.2908
2025-04-22 21:13:23.314277,4.2753,4.2918
2025-04-22 21:13:23.805136,4.2763,4.2918
2025-04-22 21:13:24.310883,4.2763,4.2908
2025-04-22 21:13:24.812555,4.2753,4.2918
2025-04-22 21:13:25.803712,4.2763,4.2908
2025-04-22 21:13:26.306541,4.2753,4.2918
2025-04-22 21:13:29.309209,4.2763,4.2908
2025-04-22 21:13:31.308472,4.2753,4.2918
2025-04-22 21:13:31.820036,4.2763,4.2908
2025-04-22 21:13:32.805950,4.2753,4.2908
2025-04-22 21:13:33.307613,4.2763,4.2908
2025-04-22 21:13:33.804366,4.2753,4.2918
2025-04-22 21:13:34.310431,4.2763,4.2908
2025-04-22 21:13:34.815813,4.2753,4.2918
2025-04-22 21:13:35.318363,4.2763,4.2908
2025-04-22 21:13:35.813761,4.2753,4.2918
2025-04-22 21:13:36.308324,4.2763,4.2908
2025-04-22 21:13:36.809538,4.2753,4.2918
2025-04-22 21:13:44.323356,4.2763,4.2908
2025-04-22 21:13:44.828447,4.2753,4.2918
2025-04-22 21:13:45.832320,4.2763,4.2908
2025-04-22 21:13:46.320443,4.2753,4.2918
2025-04-22 21:13:47.833627,4.2763,4.2908
2025-04-22 21:13:49.824548,4.2753,4.2918
2025-04-22 21:13:50.330543,4.2763,4.2908
2025-04-22 21:13:51.824047,4.2753,4.2908
2025-04-22 21:13:52.320372,4.2753,4.2918
2025-04-22 21:13:54.830440,4.2763,4.2908
2025-04-22 21:13:55.335675,4.2753,4.2918
2025-04-22 21:13:55.824248,4.2763,4.2908
2025-04-22 21:13:56.328249,4.2753,4.2918
2025-04-22 21:13:58.895524,4.2763,4.2908
2025-04-22 21:13:59.319767,4.2753,4.2918
2025-04-22 21:14:00.336407,4.2763,4.2908
2025-04-22 21:14:00.845303,4.2754,4.2918
2025-04-22 21:14:01.347724,4.2763,4.2908
2025-04-22 21:14:02.345012,4.2753,4.2918
2025-04-22 21:14:04.348693,4.2763,4.2908
2025-04-22 21:14:04.841400,4.2763,4.2918
2025-04-22 21:14:05.342355,4.2763,4.2908
2025-04-22 21:14:05.839280,4.2753,4.2918
2025-04-22 21:14:06.336826,4.2763,4.2908
2025-04-22 21:14:07.344246,4.2753,4.2918
2025-04-22 21:14:08.342529,4.2763,4.2911
2025-04-22 21:14:08.847796,4.2763,4.2908
2025-04-22 21:14:09.340265,4.2753,4.2918
2025-04-22 21:14:09.841063,4.2763,4.2908
2025-04-22 21:14:10.343919,4.2753,4.2918
2025-04-22 21:14:11.838242,4.2763,4.2908
2025-04-22 21:14:12.344052,4.2753,4.2918
2025-04-22 21:14:13.340760,4.2763,4.2908
2025-04-22 21:14:13.841570,4.2753,4.2918
2025-04-22 21:14:14.346899,4.2763,4.2908
2025-04-22 21:14:15.340988,4.2753,4.2918
2025-04-22 21:14:15.841412,4.2763,4.2908
2025-04-22 21:14:16.341355,4.2753,4.2918
2025-04-22 21:14:17.339445,4.2763,4.2908
2025-04-22 21:14:17.841795,4.2753,4.2918
2025-04-22 21:14:19.837199,4.2763,4.2908
2025-04-22 21:14:21.841960,4.2753,4.2918
2025-04-22 21:14:23.840895,4.2763,4.2908
2025-04-22 21:14:24.344073,4.2753,4.2918
2025-04-22 21:14:24.845663,4.2763,4.2908
2025-04-22 21:14:26.850170,4.2753,4.2918
2025-04-22 21:14:27.842267,4.2763,4.2908
2025-04-22 21:14:28.836550,4.2753,4.2918
2025-04-22 21:14:29.343108,4.2763,4.2908
2025-04-22 21:14:30.840502,4.2753,4.2918
2025-04-22 21:14:31.340764,4.2763,4.2908
2025-04-22 21:14:33.347031,4.2753,4.2918
2025-04-22 21:14:33.837296,4.2763,4.2908
2025-04-22 21:14:34.340668,4.2753,4.2918
2025-04-22 21:14:36.342128,4.2763,4.2908
2025-04-22 21:14:37.350578,4.2763,4.2918
2025-04-22 21:14:37.837065,4.2763,4.2908
2025-04-22 21:14:38.336577,4.2753,4.2918
2025-04-22 21:14:39.346202,4.2763,4.2918
2025-04-22 21:14:39.847393,4.2753,4.2918
2025-04-22 21:14:40.861115,4.2763,4.2908
2025-04-22 21:14:42.357368,4.2753,4.2918
2025-04-22 21:14:42.853958,4.2763,4.2917
2025-04-22 21:14:43.364485,4.2763,4.2908
2025-04-22 21:14:43.863882,4.2753,4.2918
2025-04-22 21:14:45.355840,4.2763,4.2908
2025-04-22 21:14:45.862067,4.2753,4.2918
2025-04-22 21:14:46.855497,4.2763,4.2908
2025-04-22 21:14:47.365774,4.2753,4.2918
2025-04-22 21:14:47.861035,4.2763,4.2908
2025-04-22 21:14:48.852333,4.2753,4.2918
2025-04-22 21:14:51.865630,4.2763,4.2908
2025-04-22 21:14:52.363962,4.2753,4.2918
2025-04-22 21:14:53.353409,4.2753,4.2908
2025-04-22 21:14:53.857832,4.2753,4.2918
2025-04-22 21:14:54.853557,4.2763,4.2908
2025-04-22 21:14:55.862210,4.2753,4.2918
2025-04-22 21:15:59.524074,4.2763,4.2908
2025-04-22 21:16:59.524807,4.2762,4.2908
2025-04-22 21:21:05.472584,4.2773,4.2919
2025-04-22 21:22:05.573544,4.2767,4.2913
2025-04-22 21:23:05.603235,4.2753,4.2917
2025-04-22 21:23:10.611338,4.2753,4.2907
2025-04-22 21:27:05.351458,4.2762,4.2908
2025-04-22 21:29:18.549703,4.277,4.2916
2025-04-22 21:29:57.555087,4.2778,4.2924
2025-04-22 21:30:57.729629,4.2781,4.2927
2025-04-22 21:31:57.792166,4.2785,4.293
2025-04-22 21:32:28.317009,4.2773,4.2919
2025-04-22 21:32:29.810646,4.278,4.2925
2025-04-22 21:39:04.942994,4.2772,4.2917
2025-04-22 21:40:04.994413,4.2769,4.2915
2025-04-22 21:43:12.644057,4.2754,4.2931
2025-04-22 21:44:12.682417,4.2757,4.2934
2025-04-22 21:45:12.862440,4.2756,4.2933
2025-04-22 21:49:25.142830,4.275,4.2927
2025-04-22 21:49:25.642164,4.2756,4.2933
2025-04-22 21:50:25.708781,4.2755,4.2932
2025-04-22 21:51:25.713772,4.2756,4.2933
2025-04-22 21:52:25.337086,4.2753,4.293
2025-04-22 21:52:29.848944,4.2755,4.2932
2025-04-22 21:53:51.253312,4.2768,4.2945
2025-04-22 21:54:24.288313,4.2752,4.2929
2025-04-22 21:54:51.308123,4.2756,4.2933
2025-04-22 21:55:50.861628,4.2757,4.2934
2025-04-22 21:56:00.855808,4.276,4.2937
2025-04-22 21:56:51.087891,4.2759,4.2936
2025-04-22 21:59:59.510890,4.2756,4.2933
2025-04-22 22:00:00.574634,4.2758,4.2935
2025-04-22 22:00:01.549667,4.2756,4.2933
2025-04-22 22:00:10.228065,4.2785,4.2908
2025-04-22 22:00:12.385777,4.2805,4.2908
2025-04-22 22:00:13.309594,4.2773,4.2945
2025-04-22 22:00:16.572689,4.2796,4.2967
2025-04-22 22:00:18.950274,4.2748,4.2926
2025-04-22 22:00:19.764069,4.2803,4.2886
2025-04-22 22:00:22.442815,4.2812,4.2865
2025-04-22 22:00:23.397484,4.2815,4.2864
2025-04-22 22:00:25.590780,4.2821,4.2858
2025-04-22 22:00:28.997445,4.2822,4.2859
2025-04-22 22:00:30.977162,4.2821,4.2858
2025-04-22 22:00:32.214671,4.282,4.2857
2025-04-22 22:00:33.256647,4.2826,4.2865
2025-04-22 22:00:34.351484,4.2821,4.2859
2025-04-22 22:00:35.198396,4.2823,4.286
2025-04-22 22:00:35.880719,4.2821,4.2858
2025-04-22 22:00:36.332829,4.2822,4.2859
2025-04-22 22:00:36.928289,4.2821,4.2858
2025-04-22 22:00:44.217980,4.2812,4.2849
2025-04-22 22:00:44.737362,4.282,4.2857
2025-04-22 22:00:45.091478,4.2821,4.2858
2025-04-22 22:00:46.634756,4.282,4.2857
2025-04-22 22:00:48.466846,4.2822,4.2859
2025-04-22 22:00:49.399745,4.2821,4.2858
2025-04-22 22:00:50.970192,4.2822,4.2859
2025-04-22 22:00:53.990143,4.2821,4.2858
2025-04-22 22:00:55.762990,4.282,4.2857
2025-04-22 22:00:59.187452,4.2821,4.2858
2025-04-22 22:00:59.391745,4.2819,4.2856
2025-04-22 22:01:00.761349,4.2811,4.2865
2025-04-22 22:01:01.791815,4.2812,4.2868
2025-04-22 22:01:02.750603,4.281,4.2869
2025-04-22 22:01:03.299131,4.2813,4.2869
2025-04-22 22:01:04.368072,4.2815,4.2869
2025-04-22 22:01:05.756035,4.2814,4.2869
2025-04-22 22:01:09.287835,4.2815,4.2869
2025-04-22 22:01:12.831285,4.2813,4.2869
2025-04-22 22:01:14.414011,4.2815,4.2869
2025-04-22 22:01:17.755072,4.2813,4.2869
2025-04-22 22:01:40.794644,4.2817,4.2863
2025-04-22 22:01:43.228595,4.2826,4.2863
2025-04-22 22:03:29.160901,4.2826,4.2868
2025-04-22 22:03:30.199170,4.2821,4.2869
2025-04-22 22:03:31.442443,4.2821,4.2867
2025-04-22 22:03:32.726359,4.2821,4.2869
2025-04-22 22:04:07.223582,4.2821,4.2858
2025-04-22 22:04:07.693038,4.282,4.2869
2025-04-22 22:04:08.642465,4.2817,4.2869
2025-04-22 22:04:21.999617,4.2824,4.2861
2025-04-22 22:04:22.675714,4.2809,4.2868
2025-04-22 22:04:23.527513,4.281,4.2868
2025-04-22 22:04:24.156838,4.281,4.2869
2025-04-22 22:04:25.287805,4.2812,4.2869
2025-04-22 22:04:35.899824,4.2812,4.2861
2025-04-22 22:04:38.220291,4.2825,4.2868
2025-04-22 22:04:39.248419,4.282,4.2868
2025-04-22 22:04:46.634262,4.2819,4.2868
2025-04-22 22:04:47.474060,4.2818,4.2868
2025-04-22 22:04:48.636830,4.2817,4.2868
2025-04-22 22:04:50.045225,4.282,4.2868
2025-04-22 22:04:52.998105,4.2819,4.2868
2025-04-22 22:04:55.222984,4.2825,4.2868
2025-04-22 22:04:56.213321,4.2819,4.2868
2025-04-22 22:04:57.433894,4.282,4.2868
2025-04-22 22:04:58.484070,4.2825,4.2868
2025-04-22 22:04:59.702538,4.282,4.2868
2025-04-22 22:05:11.137732,4.2819,4.2859
2025-04-22 22:05:12.018529,4.2813,4.2852
2025-04-22 22:05:17.103060,4.2811,4.2848
2025-04-22 22:05:19.466527,4.2812,4.2849
2025-04-22 22:05:20.225616,4.2816,4.2853
2025-04-22 22:05:20.735522,4.2809,4.2846
2025-04-22 22:05:22.493599,4.2812,4.2849
2025-04-22 22:05:23.978442,4.2809,4.2846
2025-04-22 22:05:24.799182,4.2813,4.285
2025-04-22 22:05:25.881744,4.2826,4.2863
2025-04-22 22:05:39.902633,4.2821,4.2858
2025-04-22 22:05:42.980082,4.2814,4.2851
2025-04-22 22:05:46.374004,4.2811,4.2848
2025-04-22 22:05:47.303015,4.2812,4.2849
2025-04-22 22:05:48.848409,4.2811,4.2848
2025-04-22 22:05:50.677564,4.281,4.2847
2025-04-22 22:05:57.009579,4.2809,4.2846
2025-04-22 22:05:57.393624,4.281,4.2847
2025-04-22 22:06:01.988889,4.2809,4.2846
2025-04-22 22:06:05.127525,4.2808,4.2845
2025-04-22 22:06:09.147516,4.281,4.2847
2025-04-22 22:06:13.927135,4.2809,4.2846
2025-04-22 22:06:18.760685,4.2808,4.2845
2025-04-22 22:06:19.126139,4.2805,4.2842
2025-04-22 22:06:20.949616,4.2811,4.2848
2025-04-22 22:06:22.051299,4.2809,4.2846
2025-04-22 22:06:24.060677,4.2803,4.284
2025-04-22 22:06:24.588907,4.2806,4.2843
2025-04-22 22:06:28.202395,4.2802,4.2839
2025-04-22 22:06:30.519091,4.2797,4.2834
2025-04-22 22:06:30.879499,4.2799,4.2836
2025-04-22 22:06:33.099079,4.2796,4.2833
2025-04-22 22:06:34.495808,4.2795,4.2832
2025-04-22 22:06:35.178371,4.2794,4.2831
2025-04-22 22:06:39.803604,4.2796,4.2833
2025-04-22 22:06:40.579184,4.2794,4.2831
2025-04-22 22:06:41.843708,4.2805,4.2842
2025-04-22 22:06:43.677808,4.2795,4.2832
2025-04-22 22:06:44.866398,4.2792,4.2829
2025-04-22 22:06:45.276435,4.2798,4.2835
2025-04-22 22:06:48.320429,4.2795,4.2832
2025-04-22 22:06:49.860403,4.2793,4.283
2025-04-22 22:06:50.931650,4.2795,4.2832
2025-04-22 22:06:52.704591,4.2797,4.2834
2025-04-22 22:06:54.411570,4.2799,4.2836
2025-04-22 22:06:55.039507,4.28,4.2837
2025-04-22 22:06:57.454815,4.2797,4.2834
2025-04-22 22:06:59.416644,4.2796,4.2833
2025-04-22 22:07:00.749970,4.2823,4.286
2025-04-22 22:07:01.558816,4.28,4.2837
2025-04-22 22:07:02.976964,4.2801,4.2838
2025-04-22 22:07:04.015650,4.2805,4.2842
2025-04-22 22:07:04.561058,4.2802,4.2839
2025-04-22 22:07:06.333629,4.2797,4.2834
2025-04-22 22:07:08.106713,4.28,4.2837
2025-04-22 22:07:08.416167,4.2799,4.2836
2025-04-22 22:07:09.534199,4.2798,4.2835
2025-04-22 22:07:11.331518,4.2806,4.2843
2025-04-22 22:07:11.833696,4.2802,4.2839
2025-04-22 22:07:12.184704,4.28,4.2837
2025-04-22 22:07:13.211295,4.2799,4.2836
2025-04-22 22:07:16.182260,4.2813,4.285
2025-04-22 22:07:16.716103,4.28,4.2837
2025-04-22 22:07:17.466291,4.2803,4.284
2025-04-22 22:07:17.963328,4.2805,4.2842
2025-04-22 22:07:21.524096,4.2803,4.284
2025-04-22 22:07:22.589296,4.2805,4.2842
2025-04-22 22:07:25.986759,4.2799,4.2836
2025-04-22 22:07:26.231450,4.2801,4.2838
2025-04-22 22:07:27.191581,4.28,4.2837
2025-04-22 22:07:27.919337,4.2801,4.2838
2025-04-22 22:07:28.860605,4.2798,4.2835
2025-04-22 22:07:29.536586,4.28,4.2837
2025-04-22 22:07:33.689080,4.2806,4.2843
2025-04-22 22:07:38.305187,4.2802,4.2839
2025-04-22 22:07:38.935287,4.2797,4.2834
2025-04-22 22:07:41.426861,4.2792,4.2829
2025-04-22 22:07:43.439761,4.2797,4.2834
2025-04-22 22:07:46.052024,4.2796,4.2833
2025-04-22 22:07:46.705274,4.2797,4.2834
2025-04-22 22:07:49.758700,4.2801,4.2838
2025-04-22 22:07:50.645075,4.2796,4.2833
2025-04-22 22:07:51.863495,4.2798,4.2835
2025-04-22 22:07:52.980340,4.2805,4.2842
2025-04-22 22:07:57.012779,4.2802,4.2839
2025-04-22 22:08:01.936632,4.2798,4.2835
2025-04-22 22:08:03.302580,4.2802,4.2839
2025-04-22 22:08:08.065699,4.2816,4.2853
2025-04-22 22:08:10.561458,4.2809,4.2846
2025-04-22 22:08:10.799014,4.2803,4.284
2025-04-22 22:08:11.537036,4.2802,4.2839
2025-04-22 22:08:13.585032,4.2812,4.2849
2025-04-22 22:08:15.466971,4.2801,4.2838
2025-04-22 22:08:15.863339,4.2803,4.284
2025-04-22 22:08:18.776876,4.2809,4.2846
2025-04-22 22:08:19.893234,4.2804,4.2841
2025-04-22 22:08:20.263920,4.2802,4.2839
2025-04-22 22:08:22.605253,4.2799,4.2836
2025-04-22 22:08:24.961590,4.2804,4.2841
2025-04-22 22:08:26.455750,4.2803,4.284
2025-04-22 22:08:30.106607,4.2805,4.2842
2025-04-22 22:08:30.999717,4.281,4.2847
2025-04-22 22:08:32.375286,4.2807,4.2844
2025-04-22 22:08:38.167121,4.2806,4.2843
2025-04-22 22:08:39.321812,4.2805,4.2842
2025-04-22 22:08:40.034280,4.2807,4.2844
2025-04-22 22:08:40.634703,4.281,4.2847
2025-04-22 22:08:42.515144,4.2812,4.2849
2025-04-22 22:08:44.675427,4.2811,4.2848
2025-04-22 22:08:46.533937,4.28,4.2837
2025-04-22 22:08:47.442473,4.2801,4.2838
2025-04-22 22:08:48.627294,4.28,4.2837
2025-04-22 22:08:58.275345,4.2799,4.2836
2025-04-22 22:09:00.226588,4.2802,4.2839
2025-04-22 22:09:08.685923,4.2799,4.2836
2025-04-22 22:09:11.751588,4.2801,4.2838
2025-04-22 22:09:18.342664,4.28,4.2837
2025-04-22 22:09:21.885628,4.2799,4.2836
2025-04-22 22:09:27.526425,4.28,4.2837
2025-04-22 22:09:31.690766,4.2801,4.2838
2025-04-22 22:09:35.460899,4.28,4.2837
2025-04-22 22:09:39.264145,4.2799,4.2836
2025-04-22 22:09:39.639098,4.2808,4.2845
2025-04-22 22:09:41.087383,4.2809,4.2846
2025-04-22 22:09:41.885789,4.2812,4.2849
2025-04-22 22:09:43.627631,4.2809,4.2846
2025-04-22 22:09:48.789316,4.2815,4.2852
2025-04-22 22:09:50.426984,4.2816,4.2853
2025-04-22 22:09:53.008787,4.2813,4.285
2025-04-22 22:09:54.549975,4.2817,4.2854
2025-04-22 22:09:55.011268,4.282,4.2857
2025-04-22 22:09:56.622377,4.2822,4.2859
2025-04-22 22:09:57.217052,4.2824,4.2861
2025-04-22 22:10:02.065634,4.2826,4.2863
2025-04-22 22:10:07.844600,4.2825,4.2862
2025-04-22 22:10:13.442701,4.2824,4.2861
2025-04-22 22:10:34.509386,4.2825,4.2862
2025-04-22 22:10:36.371655,4.2824,4.2861
2025-04-22 22:10:48.297675,4.2818,4.2855
2025-04-22 22:11:03.834327,4.2819,4.2856
2025-04-22 22:12:04.395855,4.2822,4.2862
2025-04-22 22:12:05.217105,4.2819,4.2858
2025-04-22 22:12:06.418730,4.2824,4.2863
2025-04-22 22:12:15.463939,4.2821,4.286
2025-04-22 22:12:16.714050,4.2824,4.2864
2025-04-22 22:12:26.471644,4.2823,4.2862
2025-04-22 22:12:28.164590,4.2824,4.2863
2025-04-22 22:12:37.519879,4.282,4.2859
2025-04-22 22:13:06.289731,4.2818,4.2858
2025-04-22 22:14:00.480036,4.2824,4.2864
2025-04-22 22:18:09.626918,4.2816,4.2853
2025-04-22 22:18:40.556203,4.28,4.2837
2025-04-22 22:18:47.708253,4.2817,4.2854
2025-04-22 22:18:58.713723,4.2803,4.284
2025-04-22 22:19:08.287367,4.2818,4.2855
2025-04-22 22:19:37.165141,4.2802,4.2839
2025-04-22 22:20:27.885037,4.2814,4.2851
2025-04-22 22:21:52.834191,4.2796,4.2833
2025-04-22 22:22:15.016447,4.2806,4.2843
2025-04-22 22:22:18.655492,4.2814,4.2851
2025-04-22 22:22:42.030807,4.2824,4.2861
2025-04-22 22:22:42.836586,4.2813,4.285
2025-04-22 22:22:50.733727,4.2825,4.2862
2025-04-22 22:23:33.434282,4.2797,4.2834
2025-04-22 22:23:43.382024,4.2814,4.2851
2025-04-22 22:24:00.353103,4.2797,4.2834
2025-04-22 22:24:34.497622,4.2788,4.2825
2025-04-22 22:24:47.345020,4.2806,4.2843
2025-04-22 22:24:55.892718,4.2818,4.2855
2025-04-22 22:25:27.104760,4.2819,4.2856
2025-04-22 22:25:32.768190,4.2802,4.2839
2025-04-22 22:26:04.054928,4.282,4.2857
2025-04-22 22:26:33.426653,4.2797,4.2834
2025-04-22 22:26:34.009419,4.2802,4.2839
2025-04-22 22:26:52.740925,4.2791,4.2828
2025-04-22 22:26:53.743419,4.2804,4.2841
2025-04-22 22:26:54.726011,4.2794,4.2831
2025-04-22 22:26:55.353474,4.2799,4.2836
2025-04-22 22:26:55.813150,4.279,4.2827
2025-04-22 22:26:56.910821,4.2796,4.2833
2025-04-22 22:26:57.652131,4.2799,4.2836
2025-04-22 22:26:58.007890,4.279,4.2827
2025-04-22 22:27:01.415080,4.2789,4.2826
2025-04-22 22:27:06.864732,4.2788,4.2825
2025-04-22 22:27:08.170763,4.2789,4.2826
2025-04-22 22:27:09.306741,4.2788,4.2825
2025-04-22 22:27:09.793318,4.2793,4.283
2025-04-22 22:28:33.753962,4.2814,4.2851
2025-04-22 22:30:12.547912,4.2834,4.2871
2025-04-22 22:31:40.184561,4.2822,4.2859
2025-04-22 22:32:32.297889,4.2817,4.2854
2025-04-22 22:33:20.358443,4.2835,4.2872
2025-04-22 22:42:36.172932,4.2823,4.286
2025-04-22 22:42:36.937428,4.2834,4.2871
2025-04-22 22:42:37.463235,4.2833,4.287
2025-04-22 22:42:54.017295,4.2834,4.2871
2025-04-22 22:44:02.902585,4.2825,4.2862
2025-04-22 22:45:11.697175,4.2833,4.287
2025-04-22 22:51:26.269614,4.2834,4.2871
2025-04-22 22:51:30.186380,4.2828,4.2865
2025-04-23 08:45:44.188760,4.288,4.2897
2025-04-23 08:45:45.710249,4.2881,4.2898
2025-04-23 08:45:54.373217,4.2879,4.2896
2025-04-23 08:45:55.271620,4.288,4.2897
2025-04-23 08:46:15.803147,4.2881,4.2898
2025-04-23 08:46:22.839892,4.2877,4.2894
2025-04-23 08:46:26.034898,4.2879,4.2896
2025-04-23 08:46:31.418644,4.2878,4.2895
2025-04-23 08:47:08.168255,4.288,4.2897
2025-04-23 08:47:09.621243,4.2879,4.2896
2025-04-23 08:47:10.124196,4.2878,4.2895
2025-04-23 08:47:12.348105,4.2877,4.2894
2025-04-23 08:47:15.889455,4.2878,4.2895
2025-04-23 08:47:16.396798,4.2879,4.2896
2025-04-23 08:47:20.662153,4.2881,4.2898
2025-04-23 08:47:35.643409,4.2882,4.2899
2025-04-23 08:47:38.724049,4.288,4.2897
2025-04-23 08:47:41.089379,4.2881,4.2898
2025-04-23 08:47:42.006010,4.2883,4.29
2025-04-23 08:47:43.804200,4.2882,4.2899
2025-04-23 08:47:45.694309,4.288,4.2897
2025-04-23 08:47:48.966769,4.2881,4.2898
2025-04-23 08:47:57.620488,4.2879,4.2896
2025-04-23 08:48:01.793653,4.2878,4.2895
2025-04-23 08:48:04.482604,4.2879,4.2896
2025-04-23 08:48:08.428866,4.2878,4.2895
2025-04-23 08:48:13.246567,4.287,4.2887
2025-04-23 08:48:13.746854,4.2872,4.2889
2025-04-23 08:48:14.343530,4.2873,4.289
2025-04-23 08:48:17.420426,4.2872,4.2889
2025-04-23 08:48:17.920783,4.2869,4.2886
2025-04-23 08:48:21.278125,4.2873,4.289
2025-04-23 08:48:35.194287,4.2871,4.2888
2025-04-23 08:48:38.564407,4.2877,4.2894
2025-04-23 08:48:38.829154,4.2879,4.2896
2025-04-23 08:48:39.711094,4.288,4.2897
2025-04-23 08:48:52.591702,4.2881,4.2898
2025-04-23 08:48:54.692384,4.2882,4.2899
2025-04-23 08:49:16.032605,4.2881,4.2898
2025-04-23 08:49:32.996017,4.2882,4.2899
2025-04-23 08:50:25.027630,4.2884,4.2901
2025-04-23 08:51:21.393507,4.2886,4.2903
2025-04-23 08:51:25.207393,4.2884,4.2901
2025-04-23 08:51:33.466634,4.2883,4.29
2025-04-24 19:50:12.752208,4.2709,4.2726
2025-04-24 19:50:14.909442,4.2708,4.2725
2025-04-24 19:50:17.558355,4.2709,4.2726
2025-04-24 19:50:18.689984,4.2708,4.2725
2025-04-24 19:50:19.547976,4.2707,4.2724
2025-04-24 19:50:20.547745,4.2708,4.2725
2025-04-24 19:50:21.044033,4.2707,4.2724
2025-04-24 19:50:24.684294,4.2708,4.2725
2025-04-24 19:50:26.108350,4.2709,4.2726
2025-04-24 19:50:31.373510,4.2708,4.2725
2025-04-24 19:50:32.862749,4.2709,4.2726
2025-04-24 19:50:33.868172,4.2708,4.2725
2025-04-24 19:50:34.871440,4.2709,4.2726
2025-04-24 19:50:36.788499,4.2708,4.2725
2025-04-24 19:50:37.474205,4.2709,4.2726
2025-04-24 19:50:44.691984,4.2708,4.2725
2025-04-24 19:50:47.094369,4.2709,4.2726
2025-04-24 19:50:48.083928,4.2708,4.2725
2025-04-24 19:50:50.097398,4.2705,4.2722
2025-04-24 19:50:51.107712,4.2709,4.2726
2025-04-24 19:50:57.314815,4.2708,4.2725
2025-04-24 19:50:58.184369,4.2709,4.2726
2025-04-24 19:50:59.688658,4.271,4.2727
2025-04-24 19:51:00.918938,4.2709,4.2726
2025-04-24 19:51:02.698494,4.271,4.2727
2025-04-24 19:51:09.097055,4.2709,4.2726
2025-04-24 19:51:09.897699,4.271,4.2727
2025-04-24 19:51:11.393960,4.2709,4.2726
2025-04-24 19:51:14.908541,4.271,4.2727
2025-04-24 19:51:28.256942,4.2711,4.2728
2025-04-24 19:51:28.753870,4.2713,4.273
2025-04-24 19:51:29.264434,4.2712,4.2729
2025-04-24 19:51:30.252648,4.2715,4.2732
2025-04-24 19:51:30.763501,4.2711,4.2728
2025-04-24 19:51:31.291537,4.2713,4.273
2025-04-24 19:51:32.296959,4.2711,4.2728
2025-04-24 19:51:32.755956,4.2712,4.2729
2025-04-24 19:51:34.587812,4.2713,4.273
2025-04-24 19:51:36.377165,4.2714,4.2731
2025-04-24 19:51:36.797861,4.2713,4.273
2025-04-24 19:51:37.784345,4.2714,4.2731
2025-04-24 19:51:38.599585,4.2713,4.273
2025-04-24 19:51:40.535597,4.271,4.2727
2025-04-24 19:51:41.544457,4.2713,4.273
2025-04-24 19:51:46.326981,4.2714,4.2731
2025-04-24 19:51:47.316239,4.2712,4.2729
2025-04-24 19:51:48.132245,4.2711,4.2728
2025-04-24 19:51:49.342196,4.2713,4.273
2025-04-24 19:51:50.492015,4.2712,4.2729
2025-04-24 19:51:50.987317,4.2713,4.273
2025-04-24 19:51:51.499197,4.2711,4.2728
2025-04-24 19:51:52.240596,4.2712,4.2729
2025-04-24 19:51:54.253081,4.2711,4.2728
2025-04-24 19:53:49.758472,4.2711,4.2728
2025-04-24 19:54:02.433883,4.2712,4.2729
2025-04-24 19:54:03.070723,4.2713,4.273
2025-04-24 19:54:03.821843,4.2711,4.2728
2025-04-24 19:54:04.572838,4.2714,4.2731
2025-04-24 19:54:05.324087,4.2713,4.273
2025-04-24 19:54:05.630263,4.2712,4.2729
2025-04-24 19:54:06.379030,4.2713,4.273
2025-04-24 19:54:07.129124,4.2711,4.2728
2025-04-24 19:54:07.881470,4.2712,4.2729
2025-04-24 19:54:08.899940,4.2711,4.2728
2025-04-24 19:54:10.005250,4.2713,4.273
2025-04-24 19:54:10.450805,4.2711,4.2728
2025-04-24 19:54:11.741744,4.2712,4.2729
2025-04-24 19:54:12.893690,4.271,4.2727
2025-04-24 19:54:28.732288,4.2711,4.2728
2025-04-24 19:54:29.482334,4.271,4.2727
2025-04-24 19:54:32.887271,4.2711,4.2728
2025-04-24 19:54:35.093995,4.271,4.2727
2025-04-24 19:54:36.581715,4.2711,4.2728
2025-04-24 19:54:38.426389,4.271,4.2727
2025-04-24 19:54:52.487139,4.2711,4.2728
2025-04-24 19:54:58.592327,4.271,4.2727
2025-04-24 19:54:59.336784,4.2711,4.2728
2025-04-24 19:55:00.629994,4.271,4.2727
2025-04-24 19:55:07.628740,4.2711,4.2728
2025-04-24 19:55:23.048055,4.271,4.2727
2025-04-24 19:55:24.524291,4.2711,4.2728
2025-04-24 19:55:32.820484,4.2712,4.2729
2025-04-24 19:55:33.569245,4.271,4.2727
2025-04-24 19:55:36.906071,4.2711,4.2728
2025-04-24 19:55:38.404091,4.271,4.2727
2025-04-24 19:55:39.152058,4.2708,4.2725
2025-04-24 19:55:40.135543,4.2709,4.2726
2025-04-24 19:55:40.881152,4.271,4.2727
2025-04-24 19:55:41.735454,4.2709,4.2726
2025-04-24 19:55:44.833051,4.271,4.2727
2025-04-24 19:55:46.904142,4.2711,4.2728
2025-04-24 19:55:48.133584,4.271,4.2727
2025-04-24 19:56:15.016717,4.2709,4.2726
2025-04-24 19:56:17.381029,4.2708,4.2725
2025-04-24 19:56:20.373685,4.2709,4.2726
2025-04-24 19:56:23.865617,4.2708,4.2725
2025-04-24 19:56:25.286518,4.2711,4.2728
2025-04-24 19:56:33.680636,4.271,4.2727
2025-04-24 19:56:37.600684,4.2711,4.2728
2025-04-24 19:56:39.098429,4.2712,4.2729
2025-04-24 19:56:39.487009,4.271,4.2727
2025-04-24 19:56:40.453379,4.2711,4.2728
2025-04-24 19:56:44.665193,4.271,4.2727
2025-04-24 19:56:46.449779,4.2711,4.2728
2025-04-24 19:56:47.201327,4.271,4.2727
2025-04-24 19:56:50.850710,4.2709,4.2726
2025-04-24 19:56:52.351983,4.2707,4.2724
2025-04-24 19:56:53.004354,4.2708,4.2725
2025-04-24 19:56:59.867299,4.2707,4.2724
2025-04-24 19:57:00.633415,4.2709,4.2726
2025-04-24 19:57:03.299040,4.271,4.2727
2025-04-24 19:57:08.566821,4.2709,4.2726
2025-04-24 19:57:14.604008,4.2707,4.2724
2025-04-24 19:57:15.565990,4.2708,4.2725
2025-04-24 19:57:16.316270,4.2709,4.2726
2025-04-24 19:57:17.900986,4.2708,4.2725
2025-04-24 19:57:18.649904,4.2709,4.2726
2025-04-24 19:57:20.145453,4.271,4.2727
2025-04-24 19:57:21.667627,4.2709,4.2726
2025-04-24 19:57:22.414964,4.271,4.2727
2025-04-24 19:57:24.714965,4.2711,4.2728
2025-04-24 19:57:24.899727,4.271,4.2727
2025-04-24 19:57:29.335555,4.2709,4.2726
2025-04-24 19:57:39.151001,4.2711,4.2728
2025-04-24 19:57:39.326821,4.271,4.2727
2025-04-24 19:57:58.059922,4.2709,4.2726
2025-04-24 19:57:58.857921,4.271,4.2727
2025-04-24 19:57:59.553178,4.2708,4.2725
2025-04-24 19:58:00.317264,4.2707,4.2724
2025-04-24 19:58:01.265963,4.2709,4.2726
2025-04-24 19:58:02.765564,4.2713,4.273
2025-04-24 19:58:03.515931,4.272,4.2737
2025-04-24 19:58:04.267313,4.2714,4.2731
2025-04-24 19:58:05.010607,4.2716,4.2733
2025-04-24 19:58:05.765379,4.2717,4.2734
2025-04-24 19:58:07.375032,4.2713,4.273
2025-04-24 19:58:08.115246,4.2718,4.2735
2025-04-24 19:58:08.867084,4.2717,4.2734
2025-04-24 19:58:11.250291,4.2714,4.2731
2025-04-24 19:58:12.370519,4.2717,4.2734
2025-04-24 19:58:14.132456,4.2713,4.273
2025-04-24 19:58:14.887497,4.2718,4.2735
2025-04-24 19:58:15.636183,4.2719,4.2736
2025-04-24 19:58:16.281610,4.2717,4.2734
2025-04-24 19:58:16.984893,4.2716,4.2733
2025-04-24 19:58:17.384867,4.2717,4.2734
2025-04-24 19:58:17.959370,4.2718,4.2735
2025-04-24 19:58:18.710858,4.2717,4.2734
2025-04-24 19:58:19.367070,4.2718,4.2735
2025-04-24 19:58:20.920564,4.2717,4.2734
2025-04-24 19:58:22.364788,4.2718,4.2735
2025-04-24 19:58:23.872227,4.2713,4.273
2025-04-24 19:58:24.616126,4.2718,4.2735
2025-04-24 19:58:26.864307,4.2719,4.2736
2025-04-24 19:58:28.183814,4.2717,4.2734
2025-04-24 19:58:28.931850,4.2716,4.2733
2025-04-24 19:58:29.680277,4.2717,4.2734
2025-04-24 19:58:32.682451,4.2715,4.2732
2025-04-24 19:58:33.507225,4.2717,4.2734
2025-04-24 19:58:34.266310,4.2715,4.2732
2025-04-24 19:58:35.016669,4.2719,4.2736
2025-04-24 19:58:35.765670,4.2718,4.2735
2025-04-24 19:58:37.132788,4.2714,4.2731
2025-04-24 19:58:37.984741,4.2718,4.2735
2025-04-24 19:58:39.570909,4.2716,4.2733
2025-04-24 19:58:41.100183,4.2717,4.2734
2025-04-24 19:58:41.851324,4.2718,4.2735
2025-04-24 19:58:42.597334,4.2717,4.2734
2025-04-24 19:58:43.350262,4.2715,4.2732
2025-04-24 19:58:44.104265,4.2716,4.2733
2025-04-24 19:58:45.605445,4.2717,4.2734
2025-04-24 19:58:46.260483,4.2716,4.2733
2025-04-24 19:58:48.015060,4.2714,4.2731
2025-04-24 19:58:49.298815,4.2716,4.2733
2025-04-24 19:58:50.814939,4.2715,4.2732
2025-04-24 19:59:00.803755,4.2716,4.2733
2025-04-24 19:59:01.536543,4.2717,4.2734
2025-04-24 19:59:01.963359,4.2715,4.2732
2025-04-24 19:59:03.466172,4.2714,4.2731
2025-04-24 19:59:03.959564,4.2715,4.2732
2025-04-24 19:59:06.210206,4.2714,4.2731
2025-04-24 19:59:06.687888,4.2715,4.2732
2025-04-24 19:59:07.737404,4.2714,4.2731
2025-04-24 19:59:09.409941,4.2715,4.2732
2025-04-24 19:59:13.290371,4.2714,4.2731
2025-04-24 19:59:14.039105,4.2715,4.2732
2025-04-24 19:59:15.341825,4.2712,4.2729
2025-04-24 19:59:16.148058,4.2715,4.2732
2025-04-24 19:59:16.898544,4.2716,4.2733
2025-04-24 19:59:17.953792,4.2715,4.2732
2025-04-24 19:59:19.273098,4.2716,4.2733
2025-04-24 19:59:19.856376,4.2715,4.2732
2025-04-24 19:59:24.254228,4.2714,4.2731
2025-04-24 19:59:25.764430,4.2715,4.2732
2025-04-24 19:59:27.299293,4.2714,4.2731
2025-04-24 19:59:31.891066,4.2713,4.273
2025-04-24 19:59:32.510871,4.2714,4.2731
2025-04-24 19:59:36.236168,4.2715,4.2732
2025-04-24 19:59:46.839747,4.2714,4.2731
2025-04-24 19:59:48.411685,4.2715,4.2732
2025-04-24 19:59:52.693921,4.2716,4.2733
2025-04-24 19:59:53.446995,4.2715,4.2732
2025-04-24 19:59:54.681884,4.2716,4.2733
2025-04-24 19:59:55.865123,4.2715,4.2732
2025-04-24 19:59:56.898808,4.2717,4.2734
2025-04-24 19:59:57.646040,4.2715,4.2732
2025-04-24 19:59:58.616181,4.272,4.2737
2025-04-24 19:59:59.719205,4.2724,4.2741
2025-04-24 20:00:00.900141,4.2723,4.274
2025-04-24 20:00:01.619319,4.2722,4.2739
2025-04-24 20:00:03.018862,4.2724,4.2741
2025-04-24 20:00:03.765494,4.273,4.2747
2025-04-24 20:00:04.267699,4.2727,4.2744
2025-04-24 20:00:06.057436,4.2728,4.2745
2025-04-24 20:00:07.933754,4.273,4.2747
2025-04-24 20:00:08.973889,4.2729,4.2746
2025-04-24 20:00:09.384465,4.2728,4.2745
2025-04-24 20:00:10.129502,4.2732,4.2749
2025-04-24 20:00:10.499578,4.2728,4.2745
2025-04-24 20:00:11.687517,4.2727,4.2744
2025-04-24 20:00:12.844030,4.2729,4.2746
2025-04-24 20:00:13.318151,4.2731,4.2748
2025-04-24 20:00:14.142109,4.2729,4.2746
2025-04-24 20:00:14.750309,4.2728,4.2745
2025-04-24 20:00:17.263969,4.2729,4.2746
2025-04-24 20:00:18.383835,4.2727,4.2744
2025-04-24 20:00:20.075513,4.273,4.2747
2025-04-24 20:00:20.828217,4.2729,4.2746
2025-04-24 20:00:21.278715,4.273,4.2747
2025-04-24 20:00:22.866771,4.2729,4.2746
2025-04-24 20:00:23.504709,4.2726,4.2743
2025-04-24 20:00:24.756181,4.2727,4.2744
2025-04-24 20:00:25.937468,4.273,4.2747
2025-04-24 20:00:26.272529,4.2728,4.2745
2025-04-24 20:00:27.780357,4.2729,4.2746
2025-04-24 20:00:28.523388,4.2728,4.2745
2025-04-24 20:00:29.271348,4.2729,4.2746
2025-04-24 20:00:30.634331,4.2727,4.2744
2025-04-24 20:00:31.379904,4.2735,4.2752
2025-04-24 20:00:32.141473,4.273,4.2747
2025-04-24 20:00:32.965125,4.2729,4.2746
2025-04-24 20:00:34.134642,4.2731,4.2748
2025-04-24 20:00:34.749768,4.273,4.2747
2025-04-24 20:00:35.763251,4.2729,4.2746
2025-04-24 20:00:36.526981,4.273,4.2747
2025-04-24 20:00:36.998448,4.2736,4.2753
2025-04-24 20:00:38.345528,4.2732,4.2749
2025-04-24 20:00:39.262900,4.273,4.2747
2025-04-24 20:00:39.749940,4.2733,4.275
2025-04-24 20:00:42.463903,4.2736,4.2753
2025-04-24 20:00:43.208114,4.2732,4.2749
2025-04-24 20:00:43.964968,4.2736,4.2753
2025-04-24 20:00:44.630342,4.2731,4.2748
2025-04-24 20:00:45.182509,4.2734,4.2751
2025-04-24 20:00:45.550880,4.2731,4.2748
2025-04-24 20:00:46.301653,4.2736,4.2753
2025-04-24 20:00:47.064453,4.2731,4.2748
2025-04-24 20:00:47.804939,4.2736,4.2753
2025-04-24 20:00:48.560561,4.2732,4.2749
2025-04-24 20:00:49.476753,4.2736,4.2753
2025-04-24 20:00:50.231183,4.2731,4.2748
2025-04-24 20:00:50.562996,4.2736,4.2753
2025-04-24 20:00:51.289646,4.2735,4.2752
2025-04-24 20:00:52.051436,4.2732,4.2749
2025-04-24 20:00:52.796545,4.2735,4.2752
2025-04-24 20:00:54.297366,4.2736,4.2753
2025-04-24 20:00:55.047871,4.2733,4.275
2025-04-24 20:00:55.795981,4.2736,4.2753
2025-04-24 20:00:56.541224,4.2733,4.275
2025-04-24 20:00:57.285452,4.2736,4.2753
2025-04-24 20:00:58.036730,4.2734,4.2751
2025-04-24 20:00:58.790191,4.2735,4.2752
2025-04-24 20:00:59.550033,4.2742,4.2759
2025-04-24 20:01:00.353811,4.274,4.2757
2025-04-24 20:01:00.950297,4.2737,4.2754
2025-04-24 20:01:01.191566,4.2744,4.2761
2025-04-24 20:01:01.839587,4.2742,4.2759
2025-04-24 20:01:02.249523,4.2739,4.2756
2025-04-24 20:01:02.841274,4.2738,4.2755
2025-04-24 20:01:03.585691,4.2736,4.2753
2025-04-24 20:01:04.668009,4.2743,4.276
2025-04-24 20:01:06.118418,4.2737,4.2754
2025-04-24 20:01:06.920820,4.2741,4.2758
2025-04-24 20:01:07.985702,4.2737,4.2754
2025-04-24 20:01:08.745502,4.2742,4.2759
2025-04-24 20:01:09.937389,4.2738,4.2755
2025-04-24 20:01:10.828121,4.2737,4.2754
2025-04-24 20:01:11.284295,4.2739,4.2756
2025-04-24 20:01:12.381241,4.2743,4.276
2025-04-24 20:01:13.034480,4.2742,4.2759
2025-04-24 20:01:13.554141,4.2739,4.2756
2025-04-24 20:01:14.186383,4.2742,4.2759
2025-04-24 20:01:14.682459,4.2743,4.276
2025-04-24 20:01:15.680268,4.2742,4.2759
2025-04-24 20:01:16.489164,4.274,4.2757
2025-04-24 20:01:16.912795,4.2739,4.2756
2025-04-24 20:01:18.411933,4.2741,4.2758
2025-04-24 20:01:19.038929,4.2738,4.2755
2025-04-24 20:01:19.600902,4.2743,4.276
2025-04-24 20:01:20.915263,4.274,4.2757
2025-04-24 20:01:21.663328,4.2739,4.2756
2025-04-24 20:01:22.259973,4.2742,4.2759
2025-04-24 20:01:23.321403,4.2739,4.2756
2025-04-24 20:01:24.076938,4.2743,4.276
2025-04-24 20:01:24.831342,4.2739,4.2756
2025-04-24 20:01:25.582773,4.2742,4.2759
2025-04-24 20:01:26.347140,4.2739,4.2756
2025-04-24 20:01:27.095333,4.2741,4.2758
2025-04-24 20:01:27.589240,4.2742,4.2759
2025-04-24 20:01:28.336329,4.2739,4.2756
2025-04-24 20:01:29.092360,4.2742,4.2759
2025-04-24 20:01:29.833661,4.2741,4.2758
2025-04-24 20:01:30.587762,4.2743,4.276
2025-04-24 20:01:31.341832,4.2741,4.2758
2025-04-24 20:01:32.090672,4.2742,4.2759
2025-04-24 20:01:33.591801,4.2741,4.2758
2025-04-24 20:01:34.333363,4.2742,4.2759
2025-04-24 20:01:35.085218,4.2741,4.2758
2025-04-24 20:01:35.832717,4.2742,4.2759
2025-04-24 20:01:36.588807,4.2743,4.276
2025-04-24 20:01:38.089244,4.2742,4.2759
2025-04-24 20:01:38.598481,4.2743,4.276
2025-04-24 20:01:40.655634,4.2742,4.2759
2025-04-24 20:01:41.061533,4.2743,4.276
2025-04-24 20:01:42.072308,4.2742,4.2759
2025-04-24 20:01:42.850002,4.2741,4.2758
2025-04-24 20:01:45.208873,4.274,4.2757
2025-04-24 20:01:46.417023,4.2741,4.2758
2025-04-24 20:01:48.225587,4.2743,4.276
2025-04-24 20:01:49.171211,4.2741,4.2758
2025-04-24 20:01:49.623048,4.2742,4.2759
2025-04-24 20:01:50.321991,4.2743,4.276
2025-04-24 20:01:50.731679,4.2742,4.2759
2025-04-24 20:01:52.028880,4.2739,4.2756
2025-04-24 20:01:52.483192,4.2741,4.2758
2025-04-24 20:01:53.718463,4.2743,4.276
2025-04-24 20:01:55.236554,4.2741,4.2758
2025-04-24 20:01:56.196562,4.2743,4.276
2025-04-24 20:01:57.062013,4.2741,4.2758
2025-04-24 20:01:58.025522,4.2743,4.276
2025-04-24 20:01:59.577190,4.2742,4.2759
2025-04-24 20:02:00.266193,4.2741,4.2758
2025-04-24 20:02:01.455844,4.274,4.2757
2025-05-26 23:31:32.546469,4.2423,4.246
2025-05-26 23:31:36.141124,4.2422,4.2459
2025-05-26 23:32:25.297356,4.2417,4.2454
2025-05-26 23:32:44.156983,4.2416,4.2453
2025-05-26 23:34:49.837080,4.2417,4.2454
2025-05-26 23:35:11.920784,4.242,4.2457
2025-05-26 23:35:13.108552,4.2421,4.2458
2025-05-26 23:35:13.851003,4.2423,4.246
2025-05-26 23:35:14.604786,4.2427,4.2464
2025-05-26 23:35:15.349612,4.2424,4.2461
2025-05-26 23:35:16.135447,4.2419,4.2456
2025-05-26 23:35:18.491812,4.2423,4.246
2025-05-26 23:35:19.242533,4.2422,4.2459
2025-05-26 23:35:19.992287,4.2421,4.2458
2025-05-26 23:35:20.992141,4.242,4.2457
2025-05-26 23:35:26.658866,4.2421,4.2458
2025-05-26 23:35:33.161583,4.2425,4.2462
2025-05-26 23:35:33.934178,4.2423,4.246
2025-05-26 23:35:34.157096,4.2422,4.2459
2025-05-26 23:35:34.515351,4.2419,4.2456
2025-05-26 23:35:34.803798,4.2424,4.2461
2025-05-26 23:35:35.573656,4.2423,4.246
2025-05-26 23:35:36.336305,4.2425,4.2462
2025-05-26 23:35:39.157049,4.2419,4.2456
2025-05-26 23:35:40.156784,4.2421,4.2458
2025-05-26 23:35:40.900994,4.2426,4.2463
2025-05-26 23:35:41.649680,4.2427,4.2464
2025-05-26 23:35:42.400081,4.2424,4.2461
2025-05-26 23:35:43.150449,4.2423,4.246
2025-05-26 23:35:44.136359,4.2428,4.2465
2025-05-26 23:35:45.276447,4.2426,4.2463
2025-05-26 23:35:47.413298,4.2427,4.2464
2025-05-26 23:35:51.174434,4.2426,4.2463
2025-05-26 23:35:51.888982,4.2425,4.2462
2025-05-26 23:35:52.660770,4.242,4.2457
2025-05-26 23:35:53.257042,4.2424,4.2461
2025-05-26 23:35:54.022308,4.2419,4.2456
2025-05-26 23:35:54.773483,4.2425,4.2462
2025-05-26 23:35:55.468460,4.2427,4.2464
2025-05-26 23:35:56.211511,4.2431,4.2468
2025-05-26 23:35:57.726985,4.243,4.2467
2025-05-26 23:36:05.002462,4.2428,4.2465
2025-05-26 23:36:10.010740,4.243,4.2467
2025-05-26 23:36:58.576424,4.2429,4.2466
2025-05-26 23:37:01.384373,4.243,4.2467
2025-05-26 23:37:05.330546,4.2431,4.2468
2025-05-26 23:37:33.130849,4.2433,4.247
2025-05-26 23:45:58.868793,4.2431,4.2468
2025-05-26 23:45:59.239972,4.2428,4.2465
2025-05-26 23:46:00.018272,4.2431,4.2468
2025-05-26 23:46:02.592100,4.2432,4.2469
2025-05-26 23:49:13.414703,4.2433,4.247
2025-05-26 23:49:23.929963,4.2432,4.2469
2025-05-26 23:52:45.129975,4.2441,4.2478
2025-05-26 23:53:10.873250,4.2444,4.2481
2025-05-26 23:53:11.645503,4.2442,4.2479
2025-05-26 23:53:12.394134,4.2444,4.2481
2025-05-26 23:53:15.544202,4.2445,4.2482
2025-05-26 23:53:16.087104,4.244,4.2477
2025-05-26 23:53:17.252619,4.2443,4.248
2025-05-26 23:53:21.390404,4.2444,4.2481
2025-05-26 23:53:21.865560,4.243,4.2467
2025-05-26 23:53:41.826714,4.2429,4.2466
2025-05-26 23:53:42.570809,4.2439,4.2476
2025-05-26 23:56:48.757009,4.2438,4.2475
2025-05-26 23:56:51.234076,4.2435,4.2472
2025-05-26 23:57:24.774958,4.2431,4.2468
2025-05-26 23:57:25.540568,4.2428,4.2465
2025-05-26 23:57:26.421918,4.2413,4.245
2025-05-26 23:57:27.690259,4.2418,4.2455
2025-05-26 23:57:52.273835,4.2411,4.2448
2025-05-26 23:57:54.066083,4.2412,4.2449
2025-05-26 23:57:54.839408,4.2407,4.2444
2025-05-26 23:57:55.621064,4.2414,4.2451
2025-05-26 23:57:57.056245,4.2415,4.2452
2025-05-26 23:57:57.890098,4.2417,4.2454
2025-05-26 23:58:00.588869,4.2418,4.2455
2025-05-26 23:58:01.776325,4.2416,4.2453
2025-05-26 23:58:05.831566,4.2408,4.2445
2025-05-26 23:58:06.296432,4.2409,4.2446
2025-05-26 23:58:11.390861,4.2408,4.2445
2025-05-26 23:58:12.906571,4.2414,4.2451
2025-05-26 23:58:13.728956,4.2413,4.245
2025-05-26 23:58:15.528930,4.241,4.2447
2025-05-26 23:58:16.529170,4.2409,4.2446
2025-05-26 23:58:18.272103,4.2411,4.2448
2025-05-26 23:58:19.039092,4.241,4.2447
2025-05-26 23:58:19.989839,4.2418,4.2455
2025-05-26 23:58:20.803606,4.2415,4.2452
2025-05-26 23:58:21.594106,4.2407,4.2444
2025-05-26 23:58:21.882754,4.2414,4.2451
2025-05-26 23:58:23.738911,4.2406,4.2443
2025-05-26 23:58:24.739474,4.2407,4.2444
2025-05-26 23:58:25.485702,4.2412,4.2449
2025-05-26 23:58:29.273376,4.2406,4.2443
2025-05-26 23:58:30.196721,4.2407,4.2444
2025-05-26 23:58:30.989793,4.2415,4.2452
2025-05-26 23:58:32.447156,4.2414,4.2451
2025-05-26 23:58:33.201051,4.2404,4.2441
2025-05-26 23:58:33.991949,4.2414,4.2451
2025-05-26 23:58:34.872301,4.242,4.2457
2025-05-26 23:58:36.259873,4.2411,4.2448
2025-05-26 23:58:37.546482,4.241,4.2447
2025-05-26 23:58:38.335628,4.2411,4.2448
2025-05-26 23:58:38.760381,4.2409,4.2446
2025-05-26 23:58:39.541015,4.2411,4.2448
2025-05-26 23:58:40.978881,4.241,4.2447
2025-05-26 23:58:41.754008,4.2411,4.2448
2025-05-26 23:58:44.611958,4.241,4.2447
2025-05-26 23:58:45.345805,4.2409,4.2446
2025-05-26 23:58:46.423533,4.2408,4.2445
2025-05-26 23:58:46.779688,4.2412,4.2449
2025-05-26 23:58:47.212955,4.241,4.2447
2025-05-26 23:58:52.228324,4.2415,4.2452
2025-05-26 23:58:52.973045,4.2412,4.2449
2025-05-26 23:58:53.791772,4.241,4.2447
2025-05-26 23:58:55.022733,4.2407,4.2444
2025-05-26 23:58:55.410387,4.2416,4.2453
2025-05-26 23:58:56.189532,4.2417,4.2454
2025-05-26 23:58:57.662612,4.2411,4.2448
2025-05-26 23:58:58.422714,4.241,4.2447
2025-05-26 23:59:00.186447,4.2409,4.2446
2025-05-26 23:59:02.506381,4.241,4.2447
2025-05-26 23:59:06.437967,4.2418,4.2455
2025-05-26 23:59:06.590560,4.241,4.2447
2025-05-26 23:59:07.678619,4.242,4.2457
2025-05-26 23:59:08.264097,4.2408,4.2445
2025-05-26 23:59:09.905270,4.2403,4.244
2025-05-26 23:59:10.044235,4.2412,4.2449
2025-05-26 23:59:10.646785,4.2415,4.2452
2025-05-26 23:59:11.398069,4.2414,4.2451
2025-05-26 23:59:13.039319,4.2413,4.245
2025-05-26 23:59:13.772948,4.2414,4.2451
2025-05-26 23:59:14.146901,4.2415,4.2452
2025-05-26 23:59:14.908448,4.2412,4.2449
2025-05-26 23:59:15.455234,4.2414,4.2451
2025-05-26 23:59:18.601407,4.2412,4.2449
2025-05-27 00:00:00.565777,4.2421,4.2458
2025-05-27 00:00:04.192244,4.2426,4.2463
2025-05-27 00:00:34.886965,4.2429,4.2466
2025-05-27 00:00:36.732087,4.2428,4.2465
2025-05-27 00:00:38.005516,4.2429,4.2466
2025-05-27 00:00:38.965355,4.2424,4.2461
2025-05-27 00:00:40.882419,4.243,4.2467
2025-05-27 00:00:41.179697,4.2425,4.2462
2025-05-27 00:00:41.488821,4.2428,4.2465
2025-05-27 00:00:42.024974,4.2429,4.2466
2025-05-27 00:00:42.805923,4.2422,4.2459
2025-05-27 00:00:43.078198,4.2424,4.2461
2025-05-27 00:00:44.686450,4.2428,4.2465
2025-05-27 00:00:44.945259,4.2424,4.2461
2025-05-27 00:00:45.753536,4.2431,4.2468
2025-05-27 00:00:46.316176,4.2425,4.2462
2025-05-27 00:00:47.071255,4.2428,4.2465
2025-05-27 00:00:48.396608,4.2424,4.2461
2025-05-27 00:00:48.706760,4.2428,4.2465
2025-05-27 00:00:49.928861,4.2429,4.2466
2025-05-27 00:00:50.281884,4.2425,4.2462
2025-05-27 00:00:50.752150,4.2429,4.2466
2025-05-27 00:00:51.310676,4.2425,4.2462
2025-05-27 00:00:51.790637,4.2429,4.2466
2025-05-27 00:00:52.457557,4.2428,4.2465
2025-05-27 00:00:53.600450,4.2425,4.2462
2025-05-27 00:00:54.333891,4.2422,4.2459
2025-05-27 00:00:55.087077,4.2428,4.2465
2025-05-27 00:00:55.398084,4.2423,4.246
2025-05-27 00:00:55.778580,4.2424,4.2461
2025-05-27 00:00:55.961934,4.2429,4.2466
2025-05-27 00:00:59.555438,4.2428,4.2465
2025-05-27 00:00:59.981321,4.2425,4.2462
2025-05-27 00:01:00.857979,4.2432,4.2469
2025-05-27 00:01:01.767177,4.2428,4.2465
2025-05-27 00:01:02.246740,4.2425,4.2462
2025-05-27 00:01:05.736463,4.2429,4.2466
2025-05-27 00:01:05.995108,4.2422,4.2459
2025-05-27 00:01:06.614870,4.2429,4.2466
2025-05-27 00:01:08.349008,4.243,4.2467
2025-05-27 00:01:10.078611,4.2429,4.2466
2025-05-27 00:01:11.049876,4.2425,4.2462
2025-05-27 00:01:11.670531,4.2432,4.2469
2025-05-27 00:01:11.934421,4.2423,4.246
2025-05-27 00:01:13.646524,4.2424,4.2461
2025-05-27 00:01:14.266423,4.2428,4.2465
2025-05-27 00:01:15.147721,4.2424,4.2461
2025-05-27 00:01:16.396571,4.2423,4.246
2025-05-27 00:01:16.802941,4.2428,4.2465
2025-05-27 00:01:17.489504,4.2429,4.2466
2025-05-27 00:01:18.386077,4.2426,4.2463
2025-05-27 00:01:18.627002,4.2425,4.2462
2025-05-27 00:01:19.246566,4.2431,4.2468
2025-05-27 00:01:22.327344,4.2424,4.2461
2025-05-27 00:01:23.136832,4.2427,4.2464
2025-05-27 00:01:23.887836,4.2433,4.247
2025-05-27 00:01:25.516785,4.2426,4.2463
2025-05-27 00:01:26.581298,4.2425,4.2462
2025-05-27 00:01:27.152943,4.2431,4.2468
2025-05-27 00:01:30.490258,4.2432,4.2469
2025-05-27 00:01:31.848997,4.2426,4.2463
2025-05-27 00:01:32.608356,4.2434,4.2471
2025-05-27 00:01:33.878231,4.2427,4.2464
2025-05-27 00:01:35.319547,4.2435,4.2472
2025-05-27 00:01:36.818746,4.2431,4.2468
2025-05-27 00:01:37.589014,4.2427,4.2464
2025-05-27 00:01:38.386779,4.2428,4.2465
2025-05-27 00:01:38.877107,4.2433,4.247
2025-05-27 00:01:40.664803,4.2435,4.2472
2025-05-27 00:01:41.027811,4.2433,4.247
2025-05-27 00:01:41.602014,4.2427,4.2464
2025-05-27 00:01:42.497150,4.2434,4.2471
2025-05-27 00:01:43.827279,4.2433,4.247
2025-05-27 00:01:45.200560,4.2432,4.2469
2025-05-27 00:01:45.606322,4.2431,4.2468
2025-05-27 00:01:47.012173,4.2435,4.2472
2025-05-27 00:01:47.795016,4.2429,4.2466
2025-05-27 00:01:48.730929,4.2434,4.2471
2025-05-27 00:01:49.410438,4.2435,4.2472
2025-05-27 00:01:50.354252,4.2433,4.247
2025-05-27 00:01:50.665997,4.2431,4.2468
2025-05-27 00:01:52.050651,4.2433,4.247
2025-05-27 00:01:54.165874,4.2434,4.2471
2025-05-27 00:01:54.937698,4.2429,4.2466
2025-05-27 00:01:55.935906,4.2432,4.2469
2025-05-27 00:01:56.528775,4.2428,4.2465
2025-05-27 00:01:58.835336,4.2432,4.2469
2025-05-27 00:01:59.242085,4.2428,4.2465
2025-05-27 00:02:00.014053,4.2433,4.247
2025-05-27 00:02:00.534388,4.2437,4.2474
2025-05-27 00:02:00.786978,4.2434,4.2471
2025-05-27 00:02:01.860155,4.2433,4.247
2025-05-27 00:02:02.374678,4.2429,4.2466
2025-05-27 00:02:03.991939,4.2434,4.2471
2025-05-27 00:02:04.276756,4.2432,4.2469
2025-05-27 00:02:05.656534,4.2435,4.2472
2025-05-27 00:02:06.419916,4.2434,4.2471
2025-05-27 00:02:08.024429,4.2427,4.2464
2025-05-27 00:02:08.504808,4.2432,4.2469
2025-05-27 00:02:09.449628,4.2434,4.2471
2025-05-27 00:02:09.839548,4.2428,4.2465
2025-05-27 00:02:10.762441,4.2429,4.2466
2025-05-27 00:02:11.861689,4.2433,4.247
2025-05-27 00:02:12.564228,4.2429,4.2466
2025-05-27 00:02:13.129433,4.243,4.2467
2025-05-27 00:02:13.222154,4.2434,4.2471
2025-05-27 00:02:13.424963,4.2431,4.2468
2025-05-27 00:02:14.639423,4.2429,4.2466
2025-05-27 00:02:15.202738,4.2434,4.2471
2025-05-27 00:02:15.529916,4.243,4.2467
2025-05-27 00:02:16.062272,4.2433,4.247
2025-05-27 00:02:16.273866,4.2429,4.2466
2025-05-27 00:02:16.940324,4.2432,4.2469
2025-05-27 00:02:17.982244,4.2433,4.247
2025-05-27 00:02:18.431272,4.2429,4.2466
2025-05-27 00:02:19.872910,4.2428,4.2465
2025-05-27 00:02:22.165942,4.2431,4.2468
2025-05-27 00:02:23.740019,4.2427,4.2464
2025-05-27 00:02:24.753117,4.2428,4.2465
2025-05-27 00:02:26.533967,4.2434,4.2471
2025-05-27 00:02:27.513183,4.2428,4.2465
2025-05-27 00:02:29.201954,4.2427,4.2464
2025-05-27 00:02:29.748003,4.243,4.2467
2025-05-27 00:02:29.992680,4.2427,4.2464
2025-05-27 00:02:31.657913,4.2426,4.2463
2025-05-27 00:02:33.732743,4.2431,4.2468
2025-05-27 00:02:34.169453,4.2436,4.2473
2025-05-27 00:02:34.530291,4.2429,4.2466
2025-05-27 00:02:35.542820,4.2436,4.2473
2025-05-27 00:02:36.091732,4.2429,4.2466
2025-05-27 00:02:38.503528,4.243,4.2467
2025-05-27 00:02:39.039893,4.2429,4.2466
2025-05-27 00:02:40.164497,4.2433,4.247
2025-05-27 00:02:41.183667,4.2427,4.2464
2025-05-27 00:02:41.659076,4.2426,4.2463
2025-05-27 00:02:44.616219,4.2432,4.2469
2025-05-27 00:02:45.556534,4.2429,4.2466
2025-05-27 00:02:46.778675,4.2432,4.2469
2025-05-27 00:02:47.907561,4.2426,4.2463
2025-05-27 00:02:48.692876,4.2427,4.2464
2025-05-27 00:02:49.765501,4.2426,4.2463
2025-05-27 00:02:55.976011,4.2429,4.2466
2025-05-27 00:02:56.714161,4.2424,4.2461
2025-05-27 00:02:59.293476,4.2429,4.2466
2025-05-27 00:03:00.672729,4.2426,4.2463
2025-05-27 00:03:02.915776,4.243,4.2467
2025-05-27 00:03:03.419824,4.2433,4.247
2025-05-27 00:03:03.573601,4.2432,4.2469
2025-05-27 00:03:03.819157,4.2429,4.2466
2025-05-27 00:03:04.169153,4.2428,4.2465
2025-05-27 00:03:04.929249,4.2427,4.2464
2025-05-27 00:03:05.686583,4.2434,4.2471
2025-05-27 00:03:06.323483,4.2426,4.2463
2025-05-27 00:03:06.658596,4.2433,4.247
2025-05-27 00:03:07.445688,4.243,4.2467
2025-05-27 00:03:07.654341,4.2434,4.2471
2025-05-27 00:03:09.575521,4.2433,4.247
2025-05-27 00:03:10.115681,4.2434,4.2471
2025-05-27 00:03:10.535844,4.2433,4.247
2025-05-27 00:03:10.828598,4.243,4.2467
2025-05-27 00:03:11.444927,4.2429,4.2466
2025-05-27 00:03:12.792319,4.2432,4.2469
2025-05-27 00:03:13.460267,4.2433,4.247
2025-05-27 00:03:14.627431,4.2435,4.2472
2025-05-27 00:03:15.351626,4.2431,4.2468
2025-05-27 00:03:16.032985,4.2434,4.2471
2025-05-27 00:03:16.780331,4.2427,4.2464
2025-05-27 00:03:18.139694,4.2433,4.247
2025-05-27 00:03:18.920584,4.243,4.2467
2025-05-27 00:03:19.666855,4.2425,4.2462
2025-05-27 00:03:20.199693,4.2428,4.2465
2025-05-27 00:03:20.980396,4.2425,4.2462
2025-05-27 00:03:22.574314,4.2429,4.2466
2025-05-27 00:03:23.996438,4.2425,4.2462
2025-05-27 00:03:24.829229,4.243,4.2467
2025-05-27 00:03:25.939049,4.2426,4.2463
2025-05-27 00:03:26.777359,4.2425,4.2462
2025-05-27 00:03:28.103960,4.243,4.2467
2025-05-27 00:03:29.221832,4.2427,4.2464
2025-05-27 00:03:29.989554,4.2425,4.2462
2025-05-27 00:03:30.730160,4.2431,4.2468
2025-05-27 00:03:31.405045,4.2426,4.2463
2025-05-27 00:03:32.171817,4.2431,4.2468
2025-05-27 00:03:35.148417,4.2426,4.2463
2025-05-27 00:03:35.828184,4.2427,4.2464
2025-05-27 00:03:37.376681,4.2431,4.2468
2025-05-27 00:03:39.897435,4.2425,4.2462
2025-05-27 00:03:40.076521,4.243,4.2467
2025-05-27 00:03:40.666448,4.242,4.2457
2025-05-27 00:03:42.219989,4.2424,4.2461
2025-05-27 00:03:42.824642,4.2431,4.2468
2025-05-27 00:03:44.567490,4.2427,4.2464
2025-05-27 00:03:44.872537,4.2426,4.2463
2025-05-27 00:03:47.045441,4.243,4.2467
2025-05-27 00:03:49.381860,4.2431,4.2468
2025-05-27 00:03:50.157303,4.2426,4.2463
2025-05-27 00:03:51.118289,4.2425,4.2462
2025-05-27 00:03:51.163133,4.2429,4.2466
2025-05-27 00:03:51.975042,4.2426,4.2463
2025-05-27 00:03:53.212326,4.2427,4.2464
2025-05-27 00:03:53.852170,4.2429,4.2466
2025-05-27 00:03:55.370022,4.2426,4.2463
2025-05-27 00:03:56.009946,4.2432,4.2469
2025-05-27 00:03:57.207360,4.2431,4.2468
2025-05-27 00:03:57.841890,4.2427,4.2464
2025-05-27 00:03:58.094027,4.243,4.2467
2025-05-27 00:04:00.360018,4.2426,4.2463
2025-05-27 00:04:00.983918,4.2429,4.2466
2025-05-27 00:04:02.288864,4.2428,4.2465
2025-05-27 00:04:03.094444,4.2432,4.2469
2025-05-27 00:04:03.604524,4.2431,4.2468
2025-05-27 00:04:04.687896,4.243,4.2467
2025-05-27 00:04:05.418174,4.2426,4.2463
2025-05-27 00:04:06.847693,4.2425,4.2462
2025-05-27 00:04:09.594800,4.2426,4.2463
2025-05-27 00:04:11.509337,4.2425,4.2462
2025-05-27 00:04:12.820375,4.2424,4.2461
2025-05-27 00:04:13.596369,4.2431,4.2468
2025-05-27 00:04:13.886877,4.2426,4.2463
2025-05-27 00:04:15.493632,4.2429,4.2466
2025-05-27 00:04:15.854416,4.2426,4.2463
2025-05-27 00:04:17.368254,4.2429,4.2466
2025-05-27 00:04:18.439787,4.2425,4.2462
2025-05-27 00:04:19.207423,4.2426,4.2463
2025-05-27 00:04:20.113702,4.2429,4.2466
2025-05-27 00:04:24.336551,4.243,4.2467
2025-05-27 00:04:24.801635,4.2429,4.2466
2025-05-27 00:04:25.888773,4.2431,4.2468
2025-05-27 00:04:26.422684,4.2428,4.2465
2025-05-27 00:04:29.467580,4.2425,4.2462
2025-05-27 00:04:30.025651,4.243,4.2467
2025-05-27 00:04:31.323436,4.2427,4.2464
2025-05-27 00:04:31.910787,4.2424,4.2461
2025-05-27 00:04:35.068544,4.2425,4.2462
2025-05-27 00:04:37.494960,4.2429,4.2466
2025-05-27 00:04:38.013690,4.2424,4.2461
2025-05-27 00:04:39.275828,4.2429,4.2466
2025-05-27 00:04:41.972635,4.2426,4.2463
2025-05-27 00:04:43.955538,4.2425,4.2462
2025-05-27 00:04:44.153583,4.2429,4.2466
2025-05-27 00:04:44.606452,4.2425,4.2462
2025-05-27 00:04:44.889912,4.243,4.2467
2025-05-27 00:04:45.999130,4.2426,4.2463
2025-05-27 00:04:46.205046,4.2429,4.2466
2025-05-27 00:04:48.132626,4.2425,4.2462
2025-05-27 00:04:51.705538,4.2424,4.2461
2025-05-27 00:04:57.196472,4.2431,4.2468
2025-05-27 00:04:57.944261,4.2428,4.2465
2025-05-27 00:04:59.511778,4.2431,4.2468
2025-05-27 00:05:00.448405,4.2425,4.2462
2025-05-27 00:05:04.988909,4.2431,4.2468
2025-05-27 00:05:06.655990,4.2425,4.2462
2025-05-27 00:05:07.096289,4.2433,4.247
2025-05-27 00:05:08.103445,4.2429,4.2466
2025-05-27 00:05:08.911647,4.2426,4.2463
2025-05-27 00:05:09.155352,4.243,4.2467
2025-05-27 00:05:10.699675,4.2427,4.2464
2025-05-27 00:05:11.327344,4.2426,4.2463
2025-05-27 00:05:15.494550,4.2424,4.2461
2025-05-27 00:05:18.632541,4.243,4.2467
2025-05-27 00:05:23.485320,4.2424,4.2461
2025-05-27 00:05:30.609102,4.2425,4.2462
2025-05-27 00:05:31.076546,4.243,4.2467
2025-05-27 00:05:31.589011,4.2425,4.2462
2025-05-27 00:05:32.481754,4.2431,4.2468
2025-05-27 00:05:40.227888,4.2424,4.2461
2025-05-27 00:05:42.842838,4.2425,4.2462
2025-05-27 00:05:44.604211,4.2424,4.2461
2025-05-27 00:05:46.368220,4.2428,4.2465
2025-05-27 00:05:47.125013,4.2424,4.2461
2025-05-27 00:05:51.410279,4.2431,4.2468
2025-05-27 00:05:52.108371,4.2426,4.2463
2025-05-27 00:05:52.877025,4.2432,4.2469
2025-05-27 00:05:54.065681,4.2433,4.247
2025-05-27 00:05:57.755352,4.2426,4.2463
2025-05-27 00:05:57.869001,4.2431,4.2468
2025-05-27 00:05:59.395386,4.2426,4.2463
2025-05-27 00:06:01.198598,4.2433,4.247
2025-05-27 00:06:02.301691,4.2426,4.2463
2025-05-27 00:06:03.771426,4.2427,4.2464
2025-05-27 00:06:04.141645,4.243,4.2467
2025-05-27 00:06:04.806998,4.2426,4.2463
2025-05-27 00:06:07.620193,4.2433,4.247
2025-05-27 00:06:09.248531,4.2427,4.2464
2025-05-27 00:06:13.138281,4.2423,4.246
2025-05-27 00:06:14.658728,4.2424,4.2461
2025-05-27 00:06:18.515719,4.2423,4.246
2025-05-27 00:06:19.748113,4.2428,4.2465
2025-05-27 00:06:20.759522,4.2424,4.2461
2025-05-27 00:06:21.600254,4.2429,4.2466
2025-05-27 00:06:22.166181,4.2424,4.2461
2025-05-27 00:06:23.769178,4.2425,4.2462
2025-05-27 00:06:27.388622,4.2424,4.2461
2025-05-27 00:06:28.250383,4.2428,4.2465
2025-05-27 00:06:31.698905,4.2429,4.2466
2025-05-27 00:06:32.472712,4.2422,4.2459
2025-05-27 00:06:33.277675,4.2429,4.2466
2025-05-27 00:06:34.327601,4.2428,4.2465
2025-05-27 00:06:35.571871,4.2423,4.246
2025-05-27 00:06:40.117837,4.2424,4.2461
2025-05-27 00:06:43.660838,4.2428,4.2465
2025-05-27 00:06:45.730160,4.2429,4.2466
2025-05-27 00:06:47.056378,4.2425,4.2462
2025-05-27 00:06:48.082350,4.243,4.2467
2025-05-27 00:06:49.167102,4.2425,4.2462
2025-05-27 00:06:49.859343,4.2428,4.2465
2025-05-27 00:06:50.611079,4.243,4.2467
2025-05-27 00:06:51.960633,4.2428,4.2465
2025-05-27 00:06:52.431554,4.2425,4.2462
2025-05-27 00:06:53.633785,4.2429,4.2466
2025-05-27 00:06:57.423851,4.2432,4.2469
2025-05-27 00:06:59.537308,4.2428,4.2465
2025-05-27 00:06:59.740670,4.2427,4.2464
2025-05-27 00:07:00.809257,4.2425,4.2462
2025-05-27 00:07:03.440237,4.2429,4.2466
2025-05-27 00:07:06.437027,4.2423,4.246
2025-05-27 00:07:07.208193,4.2424,4.2461
2025-05-27 00:07:09.665064,4.2428,4.2465
2025-05-27 00:07:12.952807,4.2423,4.246
2025-05-27 00:07:15.799198,4.243,4.2467
2025-05-27 00:07:16.409975,4.2426,4.2463
2025-05-27 00:07:17.759207,4.2424,4.2461
2025-05-27 00:07:19.223830,4.2425,4.2462
2025-05-27 00:07:20.393647,4.2421,4.2458
2025-05-27 00:07:20.535751,4.2426,4.2463
2025-05-27 00:07:22.811622,4.2422,4.2459
2025-05-27 00:07:23.653987,4.243,4.2467
2025-05-27 00:07:25.072516,4.2432,4.2469
2025-05-27 00:07:26.619784,4.2423,4.246
2025-05-27 00:07:27.174053,4.2429,4.2466
2025-05-27 00:07:30.836228,4.2425,4.2462
2025-05-27 00:07:32.115429,4.2428,4.2465
2025-05-27 00:07:34.012328,4.2423,4.246
2025-05-27 00:07:34.675409,4.2428,4.2465
2025-05-27 00:07:35.758658,4.2424,4.2461
2025-05-27 00:07:36.644031,4.2429,4.2466
2025-05-27 00:07:37.676214,4.2424,4.2461
2025-05-27 00:07:38.454608,4.2425,4.2462
2025-05-27 00:07:40.201373,4.2429,4.2466
2025-05-27 00:07:42.597190,4.2422,4.2459
2025-05-27 00:07:45.267210,4.2424,4.2461
2025-05-27 00:07:45.743884,4.2423,4.246
2025-05-27 00:07:46.474974,4.2428,4.2465
2025-05-27 00:07:46.918884,4.2425,4.2462
2025-05-27 00:07:48.879795,4.2428,4.2465
2025-05-27 00:07:49.516700,4.2423,4.246
2025-05-27 00:07:50.859367,4.2424,4.2461
2025-05-27 00:07:51.120741,4.2428,4.2465
2025-05-27 00:07:52.266027,4.2425,4.2462
2025-05-27 00:07:55.551240,4.243,4.2467
2025-05-27 00:07:55.740805,4.2428,4.2465
2025-05-27 00:07:56.246874,4.2422,4.2459
2025-05-27 00:07:57.022560,4.2424,4.2461
2025-05-27 00:07:57.313787,4.2429,4.2466
2025-05-27 00:07:58.781688,4.2424,4.2461
2025-05-27 00:08:00.152033,4.2423,4.246
2025-05-27 00:08:00.878708,4.2426,4.2463
2025-05-27 00:08:01.818981,4.2428,4.2465
2025-05-27 00:08:03.055671,4.2423,4.246
2025-05-27 00:08:03.668646,4.2422,4.2459
2025-05-27 00:08:06.240112,4.2429,4.2466
2025-05-27 00:08:06.316903,4.2423,4.246
2025-05-27 00:08:09.905090,4.2428,4.2465
2025-05-27 00:08:11.127583,4.2424,4.2461
2025-05-27 00:08:11.968926,4.2427,4.2464
2025-05-27 00:08:12.236979,4.2424,4.2461
2025-05-27 00:08:13.925317,4.2428,4.2465
2025-05-27 00:08:14.526534,4.2431,4.2468
2025-05-27 00:08:16.758521,4.243,4.2467
2025-05-27 00:08:17.585330,4.2429,4.2466
2025-05-27 00:08:18.360242,4.2432,4.2469
2025-05-27 00:08:18.695264,4.243,4.2467
2025-05-27 00:08:19.612816,4.2426,4.2463
2025-05-27 00:08:19.839686,4.2429,4.2466
2025-05-27 00:08:20.613829,4.2425,4.2462
2025-05-27 00:08:21.307276,4.2426,4.2463
2025-05-27 00:08:22.295215,4.2431,4.2468
2025-05-27 00:08:23.522012,4.2425,4.2462
2025-05-27 00:08:24.332746,4.2426,4.2463
2025-05-27 00:08:26.197510,4.2434,4.2471
2025-05-27 00:08:26.851632,4.2426,4.2463
2025-05-27 00:08:28.967713,4.2424,4.2461
2025-05-27 00:08:29.725008,4.2428,4.2465
2025-05-27 00:08:32.417236,4.2424,4.2461
2025-05-27 00:08:33.102691,4.2428,4.2465
2025-05-27 00:08:34.147349,4.2424,4.2461
2025-05-27 00:08:34.965982,4.2427,4.2464
2025-05-27 00:08:35.766553,4.2423,4.246
2025-05-27 00:08:36.117534,4.2429,4.2466
2025-05-27 00:08:36.857761,4.2428,4.2465
2025-05-27 00:08:37.523981,4.2427,4.2464
2025-05-27 00:08:38.051571,4.2422,4.2459
2025-05-27 00:08:39.210482,4.2429,4.2466
2025-05-27 00:08:40.661738,4.2422,4.2459
2025-05-27 00:08:41.003682,4.2421,4.2458
2025-05-27 00:08:41.774662,4.2428,4.2465
2025-05-27 00:08:42.866942,4.2423,4.246
2025-05-27 00:08:43.584335,4.2421,4.2458
2025-05-27 00:08:44.343923,4.2422,4.2459
2025-05-27 00:08:46.900376,4.2428,4.2465
2025-05-27 00:08:47.361584,4.2423,4.246
2025-05-27 00:08:49.579861,4.2425,4.2462
2025-05-27 00:08:50.986307,4.2422,4.2459
2025-05-27 00:08:51.759177,4.2426,4.2463
2025-05-27 00:08:52.841539,4.2427,4.2464
2025-05-27 00:08:53.809175,4.2426,4.2463
2025-05-27 00:08:54.817781,4.2423,4.246
2025-05-27 00:08:55.974167,4.2425,4.2462
2025-05-27 00:08:57.092448,4.2423,4.246
2025-05-27 00:08:58.108717,4.2426,4.2463
2025-05-27 00:08:59.623786,4.2422,4.2459
2025-05-27 00:09:00.386222,4.2426,4.2463
2025-05-27 00:09:02.171533,4.2422,4.2459
2025-05-27 00:09:04.112420,4.2423,4.246
2025-05-27 00:09:06.924521,4.2422,4.2459
2025-05-27 00:09:09.106870,4.2421,4.2458
2025-05-27 00:09:11.813524,4.2422,4.2459
2025-05-27 00:09:12.001313,4.2426,4.2463
2025-05-27 00:09:13.491515,4.2427,4.2464
2025-05-27 00:09:13.663694,4.242,4.2457
2025-05-27 00:09:17.045367,4.2422,4.2459
2025-05-27 00:09:17.564428,4.2428,4.2465
2025-05-27 00:09:18.311566,4.2423,4.246
2025-05-27 00:09:19.493852,4.2425,4.2462
2025-05-27 00:09:20.278409,4.2422,4.2459
2025-05-27 00:09:22.097342,4.242,4.2457
2025-05-27 00:09:24.595559,4.2427,4.2464
2025-05-27 00:09:25.820408,4.2426,4.2463
2025-05-27 00:09:26.079675,4.2423,4.246
2025-05-27 00:09:26.507078,4.2427,4.2464
2025-05-27 00:09:26.791908,4.2426,4.2463
2025-05-27 00:09:27.402886,4.2427,4.2464
2025-05-27 00:09:28.842635,4.2429,4.2466
2025-05-27 00:09:29.178627,4.2427,4.2464
2025-05-27 00:09:29.968821,4.2426,4.2463
2025-05-27 00:09:30.672097,4.2423,4.246
2025-05-27 00:09:32.995013,4.2427,4.2464
2025-05-27 00:09:34.575737,4.2429,4.2466
2025-05-27 00:09:36.909103,4.2427,4.2464
2025-05-27 00:09:37.670356,4.2425,4.2462
2025-05-27 00:09:38.423201,4.2427,4.2464
2025-05-27 00:09:39.166528,4.2422,4.2459
2025-05-27 00:09:39.981562,4.242,4.2457
2025-05-27 00:09:41.652865,4.2427,4.2464
2025-05-27 00:09:43.140502,4.2424,4.2461
2025-05-27 00:09:44.685138,4.2427,4.2464
2025-05-27 00:09:46.877788,4.2426,4.2463
2025-05-27 00:09:49.307885,4.2427,4.2464
2025-05-27 00:09:50.901421,4.2421,4.2458
2025-05-27 00:09:51.716462,4.2422,4.2459
2025-05-27 00:09:52.908279,4.2423,4.246
2025-05-27 00:09:54.029203,4.2424,4.2461
2025-05-27 00:09:54.651754,4.2425,4.2462
2025-05-27 00:09:55.067601,4.2427,4.2464
2025-05-27 00:09:55.281998,4.2426,4.2463
2025-05-27 00:09:56.050153,4.2423,4.246
2025-05-27 00:09:56.087903,4.2425,4.2462
2025-05-27 00:09:56.976336,4.2426,4.2463
2025-05-27 00:09:57.305387,4.2423,4.246
2025-05-27 00:09:58.751960,4.2425,4.2462
2025-05-27 00:10:00.192053,4.2428,4.2465
2025-05-27 00:10:00.506238,4.2426,4.2463
2025-05-27 00:10:01.597944,4.2424,4.2461
2025-05-27 00:10:02.397982,4.2422,4.2459
2025-05-27 00:10:02.872702,4.2423,4.246
2025-05-27 00:10:03.481375,4.2425,4.2462
2025-05-27 00:10:03.784386,4.2423,4.246
2025-05-27 00:10:04.499974,4.2426,4.2463
2025-05-27 00:10:05.095103,4.2424,4.2461
2025-05-27 00:10:06.614976,4.2423,4.246
2025-05-27 00:10:08.949840,4.2426,4.2463
2025-05-27 00:10:09.563576,4.2425,4.2462
2025-05-27 00:10:10.138376,4.2424,4.2461
2025-05-27 00:10:11.227257,4.2426,4.2463
2025-05-27 00:10:12.125381,4.2425,4.2462
2025-05-27 00:10:13.498995,4.2426,4.2463
2025-05-27 00:10:14.772216,4.2424,4.2461
2025-05-27 00:10:14.959549,4.2426,4.2463
2025-05-27 00:10:15.776973,4.2425,4.2462
2025-05-27 00:10:17.882515,4.2423,4.246
2025-05-27 00:10:18.565649,4.2425,4.2462
2025-05-27 00:10:19.310255,4.2424,4.2461
2025-05-27 00:10:20.134898,4.2429,4.2466
2025-05-27 00:10:20.400404,4.2425,4.2462
2025-05-27 00:10:21.193920,4.2421,4.2458
2025-05-27 00:10:21.428715,4.2424,4.2461
2025-05-27 00:10:22.029527,4.2425,4.2462
2025-05-27 00:10:23.062521,4.2429,4.2466
2025-05-27 00:10:23.954934,4.2427,4.2464
2025-05-27 00:10:24.500396,4.2424,4.2461
2025-05-27 00:10:25.275514,4.2426,4.2463
2025-05-27 00:10:26.028563,4.2424,4.2461
2025-05-27 00:10:27.028526,4.2426,4.2463
2025-05-27 00:10:28.544268,4.2428,4.2465
2025-05-27 00:10:29.305812,4.2424,4.2461
2025-05-27 00:10:30.379978,4.2423,4.246
2025-05-27 00:10:30.980185,4.2427,4.2464
2025-05-27 00:10:31.415623,4.2424,4.2461
2025-05-27 00:10:31.899859,4.2425,4.2462
2025-05-27 00:10:32.683942,4.2426,4.2463
2025-05-27 00:10:33.234690,4.2424,4.2461
2025-05-27 00:10:33.911741,4.2423,4.246
2025-05-27 00:10:34.655063,4.2426,4.2463
2025-05-27 00:10:35.411601,4.2427,4.2464
2025-05-27 00:10:36.149635,4.2428,4.2465
2025-05-27 00:10:37.589081,4.2426,4.2463
2025-05-27 00:10:38.170616,4.2429,4.2466
2025-05-27 00:10:39.036462,4.2424,4.2461
2025-05-27 00:10:40.542847,4.2425,4.2462
2025-05-27 00:10:40.643011,4.2427,4.2464
2025-05-27 00:10:40.700371,4.2426,4.2463
2025-05-27 00:10:40.758580,4.2427,4.2464
2025-05-27 00:10:41.024376,4.2426,4.2463
2025-05-27 00:10:42.291212,4.2423,4.246
2025-05-27 00:10:43.038808,4.2426,4.2463
2025-05-27 00:10:43.649501,4.2428,4.2465
2025-05-27 00:10:44.126353,4.2427,4.2464
2025-05-27 00:10:44.823646,4.2429,4.2466
2025-05-27 00:10:45.237765,4.2425,4.2462
2025-05-27 00:10:45.524179,4.2427,4.2464
2025-05-27 00:10:47.102730,4.2428,4.2465
2025-05-27 00:10:47.395111,4.2427,4.2464
2025-05-27 00:10:48.485578,4.2425,4.2462
2025-05-27 00:10:49.118987,4.2427,4.2464
2025-05-27 00:10:50.401485,4.2426,4.2463
2025-05-27 00:10:50.669697,4.2424,4.2461
2025-05-27 00:10:51.328372,4.2425,4.2462
2025-05-27 00:10:52.113372,4.2426,4.2463
2025-05-27 00:10:52.865287,4.2425,4.2462
2025-05-27 00:10:53.676713,4.2428,4.2465
2025-05-27 00:10:54.088520,4.2425,4.2462
2025-05-27 00:10:54.544748,4.2426,4.2463
2025-05-27 00:10:55.222977,4.2425,4.2462
2025-05-27 00:10:55.973059,4.2426,4.2463
2025-05-27 00:10:57.033370,4.2427,4.2464
2025-05-27 00:10:57.460569,4.2426,4.2463
2025-05-27 00:10:58.227077,4.2425,4.2462
2025-05-27 00:10:58.577305,4.2427,4.2464
2025-05-27 00:10:59.927004,4.2425,4.2462
2025-05-27 00:11:00.637686,4.2426,4.2463
2025-05-27 00:11:02.434424,4.2425,4.2462
2025-05-27 00:11:03.198816,4.2427,4.2464
2025-05-27 00:11:03.576212,4.2426,4.2463
2025-05-27 00:11:04.320849,4.2425,4.2462
2025-05-27 00:11:04.947774,4.2424,4.2461
2025-05-27 00:11:05.418813,4.2426,4.2463
2025-05-27 00:11:06.209411,4.2425,4.2462
2025-05-27 00:11:08.594621,4.2426,4.2463
2025-05-27 00:11:09.092408,4.2425,4.2462
2025-05-27 00:11:10.889487,4.2424,4.2461
2025-05-27 00:11:11.384982,4.2426,4.2463
2025-05-27 00:11:11.644264,4.2428,4.2465
2025-05-27 00:11:12.419551,4.2425,4.2462
2025-05-27 00:11:13.038678,4.2426,4.2463
2025-05-27 00:11:13.799514,4.2425,4.2462
2025-05-27 00:11:14.254125,4.2424,4.2461
2025-05-27 00:11:14.941699,4.2425,4.2462
2025-05-27 00:11:15.326875,4.2423,4.246
2025-05-27 00:11:16.116438,4.2426,4.2463
2025-05-27 00:11:16.872266,4.2425,4.2462
2025-05-27 00:11:18.978819,4.2424,4.2461
2025-05-27 00:11:19.866890,4.2425,4.2462
2025-05-27 00:11:20.080613,4.2424,4.2461
2025-05-27 00:11:21.130035,4.2425,4.2462
2025-05-27 00:11:21.734118,4.2424,4.2461
2025-05-27 00:11:22.268916,4.2422,4.2459
2025-05-27 00:11:22.989898,4.2423,4.246
2025-05-27 00:11:23.803748,4.2424,4.2461
2025-05-27 00:11:24.069675,4.2426,4.2463
2025-05-27 00:11:24.586229,4.2425,4.2462
2025-05-27 00:11:25.169348,4.2427,4.2464
2025-05-27 00:11:25.905309,4.2426,4.2463
2025-05-27 00:11:26.710010,4.2425,4.2462
2025-05-27 00:11:27.520128,4.2428,4.2465
2025-05-27 00:11:28.212521,4.2425,4.2462
2025-05-27 00:11:28.968215,4.2426,4.2463
2025-05-27 00:11:29.721578,4.2427,4.2464
2025-05-27 00:11:30.356193,4.2426,4.2463
2025-05-27 00:11:30.760693,4.2429,4.2466
2025-05-27 00:11:31.911238,4.2427,4.2464
2025-05-27 00:11:32.668485,4.2426,4.2463
2025-05-27 00:11:33.423627,4.2425,4.2462
2025-05-27 00:11:34.134739,4.2426,4.2463
2025-05-27 00:11:36.842605,4.2427,4.2464
2025-05-27 00:11:36.942599,4.2426,4.2463
2025-05-27 00:11:37.726743,4.2427,4.2464
2025-05-27 00:11:38.085079,4.2425,4.2462
2025-05-27 00:11:38.865723,4.2426,4.2463
2025-05-27 00:11:39.119771,4.2429,4.2466
2025-05-27 00:11:39.921687,4.2425,4.2462
2025-05-27 00:11:40.167601,4.2426,4.2463
2025-05-27 00:11:41.175238,4.2427,4.2464
2025-05-27 00:11:44.978312,4.2428,4.2465
2025-05-27 00:11:46.002310,4.2426,4.2463
2025-05-27 00:11:47.470411,4.2427,4.2464
2025-05-27 00:11:48.458253,4.243,4.2467
2025-05-27 00:11:48.978298,4.2427,4.2464
2025-05-27 00:11:49.188096,4.2428,4.2465
2025-05-27 00:11:50.661782,4.2427,4.2464
2025-05-27 00:11:51.296531,4.2429,4.2466
2025-05-27 00:11:51.528391,4.2426,4.2463
2025-05-27 00:11:52.133401,4.2428,4.2465
2025-05-27 00:11:52.430576,4.2426,4.2463
2025-05-27 00:11:52.899968,4.2427,4.2464
2025-05-27 00:11:53.266553,4.2428,4.2465
2025-05-27 00:11:53.566361,4.2427,4.2464
2025-05-27 00:11:54.792008,4.2429,4.2466
2025-05-27 00:11:55.078416,4.2428,4.2465
2025-05-27 00:11:55.806468,4.2429,4.2466
2025-05-27 00:11:56.564662,4.2428,4.2465
2025-05-27 00:11:57.669595,4.2425,4.2462
2025-05-27 00:11:58.465760,4.2428,4.2465
2025-05-27 00:11:59.222095,4.2426,4.2463
2025-05-27 00:11:59.984216,4.2428,4.2465
2025-05-27 00:12:00.754372,4.2427,4.2464
2025-05-27 00:12:02.249573,4.2426,4.2463
2025-05-27 00:12:03.480061,4.2427,4.2464
2025-05-27 00:12:03.743080,4.2429,4.2466
2025-05-27 00:12:04.510555,4.2424,4.2461
2025-05-27 00:12:05.272174,4.243,4.2467
2025-05-27 00:12:06.109457,4.2425,4.2462
2025-05-27 00:12:07.353787,4.2427,4.2464
2025-05-27 00:12:07.497441,4.2428,4.2465
2025-05-27 00:12:08.072787,4.2427,4.2464
2025-05-27 00:12:08.803945,4.2428,4.2465
2025-05-27 00:12:09.574973,4.2427,4.2464
2025-05-27 00:12:09.722693,4.2426,4.2463
2025-05-27 00:12:10.477595,4.2427,4.2464
2025-05-27 00:12:10.839362,4.2426,4.2463
2025-05-27 00:12:11.123937,4.2427,4.2464
2025-05-27 00:12:11.684228,4.2425,4.2462
2025-05-27 00:12:12.283087,4.2427,4.2464
2025-05-27 00:12:12.622728,4.2424,4.2461
2025-05-27 00:12:13.379222,4.2426,4.2463
2025-05-27 00:12:13.508294,4.2424,4.2461
2025-05-27 00:12:13.730839,4.2426,4.2463
2025-05-27 00:12:14.047077,4.2425,4.2462
2025-05-27 00:12:15.091388,4.2423,4.246
2025-05-27 00:12:15.553282,4.2426,4.2463
2025-05-27 00:12:16.356674,4.2425,4.2462
2025-05-27 00:12:16.868524,4.2426,4.2463
2025-05-27 00:12:17.280799,4.2427,4.2464
2025-05-27 00:12:18.061409,4.2426,4.2463
2025-05-27 00:12:18.810609,4.2424,4.2461
2025-05-27 00:12:19.219345,4.2425,4.2462
2025-05-27 00:12:20.304476,4.2427,4.2464
2025-05-27 00:12:20.875174,4.2426,4.2463
2025-05-27 00:12:21.425637,4.2427,4.2464
2025-05-27 00:12:21.920800,4.2425,4.2462
2025-05-27 00:12:22.689427,4.2427,4.2464
2025-05-27 00:12:23.292656,4.2426,4.2463
2025-05-27 00:12:23.988067,4.2427,4.2464
2025-05-27 00:12:24.660011,4.2424,4.2461
2025-05-27 00:12:25.439920,4.2427,4.2464
2025-05-27 00:12:26.747712,4.2424,4.2461
2025-05-27 00:12:27.622802,4.2426,4.2463
2025-05-27 00:12:28.374912,4.2425,4.2462
2025-05-27 00:12:28.581436,4.2426,4.2463
2025-05-27 00:12:30.077002,4.2425,4.2462
2025-05-27 00:12:30.507871,4.2427,4.2464
2025-05-27 00:12:30.803910,4.2428,4.2465
2025-05-27 00:12:31.575971,4.2426,4.2463
2025-05-27 00:12:32.026986,4.2427,4.2464
2025-05-27 00:12:32.831788,4.2425,4.2462
2025-05-27 00:12:33.145010,4.2426,4.2463
2025-05-27 00:12:33.609019,4.243,4.2467
2025-05-27 00:12:33.867303,4.2428,4.2465
2025-05-27 00:12:35.071467,4.2429,4.2466
2025-05-27 00:12:35.887142,4.2428,4.2465
2025-05-27 00:12:36.442928,4.2426,4.2463
2025-05-27 00:12:36.809528,4.2427,4.2464
2025-05-27 00:12:37.892331,4.2429,4.2466
2025-05-27 00:12:38.635623,4.2428,4.2465
2025-05-27 00:12:38.811583,4.2427,4.2464
2025-05-27 00:12:39.401023,4.2428,4.2465
2025-05-27 00:12:40.892640,4.2426,4.2463
2025-05-27 00:12:41.634015,4.2427,4.2464
2025-05-27 00:12:42.569999,4.2428,4.2465
2025-05-27 00:12:43.326333,4.2427,4.2464
2025-05-27 00:12:43.599354,4.2425,4.2462
2025-05-27 00:12:44.182687,4.2429,4.2466
2025-05-27 00:12:44.752819,4.2428,4.2465
2025-05-27 00:12:45.799997,4.2429,4.2466
2025-05-27 00:12:46.775339,4.2428,4.2465
2025-05-27 00:12:47.659815,4.243,4.2467
2025-05-27 00:12:48.363260,4.2426,4.2463
2025-05-27 00:12:49.318913,4.2427,4.2464
2025-05-27 00:12:49.614367,4.2428,4.2465
2025-05-27 00:12:50.375930,4.2429,4.2466
2025-05-27 00:12:50.842538,4.2427,4.2464
2025-05-27 00:12:54.924777,4.2428,4.2465
2025-05-27 00:12:56.321378,4.243,4.2467
2025-05-27 00:12:57.118470,4.2426,4.2463
2025-05-27 00:12:57.869637,4.2429,4.2466
2025-05-27 00:12:58.632693,4.2426,4.2463
2025-05-27 00:12:58.859661,4.2427,4.2464
2025-05-27 00:13:01.400855,4.2426,4.2463
2025-05-27 00:13:01.972720,4.2429,4.2466
2025-05-27 00:13:02.231598,4.2425,4.2462
2025-05-27 00:13:02.838359,4.2426,4.2463
2025-05-27 00:13:03.184366,4.243,4.2467
2025-05-27 00:13:03.697815,4.2428,4.2465
2025-05-27 00:13:04.475807,4.2427,4.2464
2025-05-27 00:13:05.154677,4.2428,4.2465
2025-05-27 00:13:05.552241,4.2426,4.2463
2025-05-27 00:13:08.651700,4.2428,4.2465
2025-05-27 00:13:09.410550,4.2427,4.2464
2025-05-27 00:13:09.641604,4.2425,4.2462
2025-05-27 00:13:10.670486,4.2429,4.2466
2025-05-27 00:13:11.547576,4.2427,4.2464
2025-05-27 00:13:11.734790,4.2428,4.2465
2025-05-27 00:13:11.988739,4.2426,4.2463
2025-05-27 00:13:12.731755,4.2427,4.2464
2025-05-27 00:13:13.498426,4.2428,4.2465
2025-05-27 00:13:14.163834,4.2426,4.2463
2025-05-27 00:13:14.531574,4.2429,4.2466
2025-05-27 00:13:15.475603,4.2426,4.2463
2025-05-27 00:13:16.819560,4.2427,4.2464
2025-05-27 00:13:17.585144,4.2428,4.2465
2025-05-27 00:13:18.047085,4.2426,4.2463
2025-05-27 00:13:18.847462,4.2428,4.2465
2025-05-27 00:13:19.589149,4.2427,4.2464
2025-05-27 00:13:20.524580,4.2428,4.2465
2025-05-27 00:13:21.404535,4.2429,4.2466
2025-05-27 00:13:22.161245,4.2428,4.2465
2025-05-27 00:13:22.340486,4.2426,4.2463
2025-05-27 00:13:22.587443,4.2425,4.2462
2025-05-27 00:13:23.379855,4.2429,4.2466
2025-05-27 00:13:24.114672,4.2428,4.2465
2025-05-27 00:13:24.975781,4.2427,4.2464
2025-05-27 00:13:25.755134,4.2426,4.2463
2025-05-27 00:13:26.373187,4.2428,4.2465
2025-05-27 00:13:26.667693,4.2429,4.2466
2025-05-27 00:13:27.420078,4.2427,4.2464
2025-05-27 00:13:28.116686,4.2429,4.2466
2025-05-27 00:13:28.651787,4.2428,4.2465
2025-05-27 00:13:29.433653,4.2426,4.2463
2025-05-27 00:13:30.142820,4.2428,4.2465
2025-05-27 00:13:30.420598,4.2427,4.2464
2025-05-27 00:13:31.442904,4.2428,4.2465
2025-05-27 00:13:32.176610,4.2426,4.2463
2025-05-27 00:13:32.940316,4.2427,4.2464
2025-05-27 00:13:34.434933,4.2428,4.2465
2025-05-27 00:13:35.187435,4.2427,4.2464
2025-05-27 00:13:37.274349,4.2426,4.2463
2025-05-27 00:13:38.023669,4.2428,4.2465
2025-05-27 00:13:38.422695,4.2427,4.2464
2025-05-27 00:13:39.844643,4.2426,4.2463
2025-05-27 00:13:41.405626,4.2424,4.2461
2025-05-27 00:13:41.842509,4.2426,4.2463
2025-05-27 00:13:44.178450,4.2424,4.2461
2025-05-27 00:13:44.658635,4.2426,4.2463
2025-05-27 00:13:48.140341,4.2428,4.2465
2025-05-27 00:13:48.923490,4.2425,4.2462
2025-05-27 00:13:50.646403,4.2426,4.2463
2025-05-27 00:13:52.176142,4.2424,4.2461
2025-05-27 00:13:52.968863,4.2427,4.2464
2025-05-27 00:13:53.774134,4.2425,4.2462
2025-05-27 00:13:54.776683,4.2427,4.2464
2025-05-27 00:13:55.223132,4.2426,4.2463
2025-05-27 00:13:56.737177,4.2425,4.2462
2025-05-27 00:13:57.488031,4.2426,4.2463
2025-05-27 00:13:57.756230,4.2427,4.2464
2025-05-27 00:13:57.974582,4.2426,4.2463
2025-05-27 00:13:58.557459,4.2425,4.2462
2025-05-27 00:14:00.064953,4.2427,4.2464
2025-05-27 00:14:00.103318,4.2426,4.2463
2025-05-27 00:14:00.879904,4.2427,4.2464
2025-05-27 00:14:03.591463,4.2425,4.2462
2025-05-27 00:14:04.265177,4.2426,4.2463
2025-05-27 00:14:04.967630,4.2427,4.2464
2025-05-27 00:14:05.309125,4.2428,4.2465
2025-05-27 00:14:06.233669,4.2426,4.2463
2025-05-27 00:14:07.787237,4.2428,4.2465
2025-05-27 00:14:07.931493,4.2425,4.2462
2025-05-27 00:14:08.677885,4.2426,4.2463
2025-05-27 00:14:09.433802,4.2427,4.2464
2025-05-27 00:14:10.697042,4.2426,4.2463
2025-05-27 00:14:11.715844,4.2428,4.2465
2025-05-27 00:14:12.058372,4.2427,4.2464
2025-05-27 00:14:12.803506,4.2428,4.2465
2025-05-27 00:14:13.079306,4.2427,4.2464
2025-05-27 00:14:13.761738,4.2428,4.2465
2025-05-27 00:14:14.370392,4.2426,4.2463
2025-05-27 00:14:15.499663,4.2428,4.2465
2025-05-27 00:14:16.079816,4.2426,4.2463
2025-05-27 00:14:17.482679,4.2427,4.2464
2025-05-27 00:14:19.001565,4.2426,4.2463
2025-05-27 00:14:19.818216,4.2428,4.2465
2025-05-27 00:14:20.705115,4.2425,4.2462
2025-05-27 00:14:21.131383,4.2428,4.2465
2025-05-27 00:14:21.888728,4.2426,4.2463
2025-05-27 00:14:22.640200,4.2429,4.2466
2025-05-27 00:14:22.708725,4.2424,4.2461
2025-05-27 00:14:23.133604,4.2427,4.2464
2025-05-27 00:14:23.444049,4.2425,4.2462
2025-05-27 00:14:23.691217,4.2428,4.2465
2025-05-27 00:14:23.982691,4.2426,4.2463
2025-05-27 00:14:24.230829,4.2428,4.2465
2025-05-27 00:14:25.063750,4.2427,4.2464
2025-05-27 00:14:25.983890,4.2425,4.2462
2025-05-27 00:14:26.477404,4.2427,4.2464
2025-05-27 00:14:27.930465,4.2428,4.2465
2025-05-27 00:14:28.724531,4.2424,4.2461
2025-05-27 00:14:29.296641,4.2428,4.2465
2025-05-27 00:14:30.045163,4.2427,4.2464
2025-05-27 00:14:30.553000,4.2428,4.2465
2025-05-27 00:14:31.285895,4.2427,4.2464
2025-05-27 00:14:31.852979,4.2431,4.2468
2025-05-27 00:14:32.326947,4.2426,4.2463
2025-05-27 00:14:35.261611,4.2427,4.2464
2025-05-27 00:14:36.060973,4.2426,4.2463
2025-05-27 00:14:37.776435,4.2425,4.2462
2025-05-27 00:14:38.563481,4.2428,4.2465
2025-05-27 00:14:38.994081,4.2426,4.2463
2025-05-27 00:14:40.140037,4.2428,4.2465
2025-05-27 00:14:40.893428,4.2427,4.2464
2025-05-27 00:14:42.266626,4.2426,4.2463
2025-05-27 00:14:43.032304,4.2427,4.2464
2025-05-27 00:14:44.915986,4.2428,4.2465
2025-05-27 00:14:46.426224,4.2427,4.2464
2025-05-27 00:14:46.747658,4.2424,4.2461
2025-05-27 00:14:47.415768,4.2427,4.2464
2025-05-27 00:14:48.206610,4.2426,4.2463
2025-05-27 00:14:49.650489,4.2427,4.2464
2025-05-27 00:14:50.399082,4.2426,4.2463
2025-05-27 00:14:51.458360,4.2427,4.2464
2025-05-27 00:14:52.366094,4.2428,4.2465
2025-05-27 00:14:53.175994,4.2426,4.2463
2025-05-27 00:14:53.414797,4.2427,4.2464
2025-05-27 00:14:54.178867,4.2426,4.2463
2025-05-27 00:14:54.592859,4.2427,4.2464
2025-05-27 00:14:55.819113,4.2426,4.2463
2025-05-27 00:14:57.117186,4.2427,4.2464
2025-05-27 00:14:57.655374,4.2425,4.2462
2025-05-27 00:14:58.447691,4.2426,4.2463
2025-05-27 00:14:59.206234,4.2429,4.2466
2025-05-27 00:14:59.945354,4.2427,4.2464
2025-05-27 00:15:00.189680,4.2428,4.2465
2025-05-27 00:15:00.515461,4.2429,4.2466
2025-05-27 00:15:00.787154,4.243,4.2467
2025-05-27 00:15:01.147466,4.2428,4.2465
2025-05-27 00:15:01.361644,4.2427,4.2464
2025-05-27 00:15:01.594740,4.2431,4.2468
2025-05-27 00:15:02.015319,4.2429,4.2466
2025-05-27 00:15:02.389204,4.2428,4.2465
2025-05-27 00:15:03.378468,4.243,4.2467
2025-05-27 00:15:04.308369,4.2429,4.2466
2025-05-27 00:15:06.724591,4.2427,4.2464
2025-05-27 00:15:07.128556,4.2428,4.2465
2025-05-27 00:15:08.162418,4.2429,4.2466
2025-05-27 00:15:08.919210,4.2427,4.2464
2025-05-27 00:15:09.664467,4.2431,4.2468
2025-05-27 00:15:10.440195,4.2429,4.2466
2025-05-27 00:15:11.466029,4.243,4.2467
2025-05-27 00:15:11.838453,4.2429,4.2466
2025-05-27 00:15:12.233490,4.243,4.2467
2025-05-27 00:15:13.343946,4.2429,4.2466
2025-05-27 00:15:13.768661,4.2428,4.2465
2025-05-27 00:15:15.273778,4.2431,4.2468
2025-05-27 00:15:16.418796,4.2429,4.2466
2025-05-27 00:15:17.375712,4.2431,4.2468
2025-05-27 00:15:18.013519,4.2429,4.2466
2025-05-27 00:15:18.797667,4.243,4.2467
2025-05-27 00:15:20.160490,4.2427,4.2464
2025-05-27 00:15:21.299471,4.2429,4.2466
2025-05-27 00:15:23.626921,4.2426,4.2463
2025-05-27 00:15:24.147905,4.2427,4.2464
2025-05-27 00:15:24.930580,4.2429,4.2466
2025-05-27 00:15:25.754048,4.2427,4.2464
2025-05-27 00:15:27.004803,4.2428,4.2465
2025-05-27 00:15:27.876536,4.2425,4.2462
2025-05-27 00:15:28.162740,4.2429,4.2466
2025-05-27 00:15:28.942136,4.2427,4.2464
2025-05-27 00:15:29.690536,4.243,4.2467
2025-05-27 00:15:31.085528,4.2431,4.2468
2025-05-27 00:15:33.000508,4.243,4.2467
2025-05-27 00:15:33.743305,4.2432,4.2469
2025-05-27 00:15:33.780755,4.2431,4.2468
2025-05-27 00:15:36.496739,4.2429,4.2466
2025-05-27 00:15:36.638343,4.243,4.2467
2025-05-27 00:15:37.218578,4.2433,4.247
2025-05-27 00:15:37.971185,4.243,4.2467
2025-05-27 00:15:39.398016,4.2431,4.2468
2025-05-27 00:15:40.508296,4.2432,4.2469
2025-05-27 00:15:41.226498,4.2429,4.2466
2025-05-27 00:15:41.994263,4.2431,4.2468
2025-05-27 00:15:42.783400,4.2429,4.2466
2025-05-27 00:15:43.525789,4.2432,4.2469
2025-05-27 00:15:44.350480,4.243,4.2467
2025-05-27 00:15:44.828735,4.2431,4.2468
2025-05-27 00:15:45.594805,4.2428,4.2465
2025-05-27 00:15:46.402594,4.2427,4.2464
2025-05-27 00:15:47.323015,4.243,4.2467
2025-05-27 00:15:47.865851,4.2423,4.246
2025-05-27 00:15:48.657271,4.242,4.2457
2025-05-27 00:15:50.136127,4.2414,4.2451
2025-05-27 00:15:50.810489,4.2419,4.2456
2025-05-27 00:15:51.361403,4.2418,4.2455
2025-05-27 00:15:52.551590,4.2421,4.2458
2025-05-27 00:15:53.150789,4.2419,4.2456
2025-05-27 00:15:53.926702,4.2416,4.2453
2025-05-27 00:15:54.811721,4.2415,4.2452
2025-05-27 00:15:56.697001,4.2417,4.2454
2025-05-27 00:15:59.023761,4.2414,4.2451
2025-05-27 00:15:59.965924,4.2416,4.2453
2025-05-27 00:16:01.128725,4.2418,4.2455
2025-05-27 00:16:01.455186,4.2412,4.2449
2025-05-27 00:16:02.064598,4.2414,4.2451
2025-05-27 00:16:02.922626,4.2415,4.2452
2025-05-27 00:16:03.666970,4.2417,4.2454
2025-05-27 00:16:04.353009,4.2416,4.2453
2025-05-27 00:16:05.864928,4.2417,4.2454
2025-05-27 00:16:06.734404,4.2413,4.245
2025-05-27 00:16:06.972650,4.2414,4.2451
2025-05-27 00:16:07.443724,4.2412,4.2449
2025-05-27 00:16:08.196188,4.2415,4.2452
2025-05-27 00:16:10.826150,4.2412,4.2449
2025-05-27 00:16:11.376844,4.2416,4.2453
2025-05-27 00:16:11.856431,4.2415,4.2452
2025-05-27 00:16:12.128289,4.2417,4.2454
2025-05-27 00:16:12.888272,4.2416,4.2453
2025-05-27 00:16:13.772916,4.2412,4.2449
2025-05-27 00:16:14.533721,4.2415,4.2452
2025-05-27 00:16:16.492646,4.2413,4.245
2025-05-27 00:16:17.249233,4.2416,4.2453
2025-05-27 00:16:18.004640,4.2414,4.2451
2025-05-27 00:16:19.138267,4.2413,4.245
2025-05-27 00:16:19.898097,4.241,4.2447
2025-05-27 00:16:20.648833,4.2416,4.2453
2025-05-27 00:16:21.342771,4.2414,4.2451
2025-05-27 00:16:22.376848,4.2413,4.245
2025-05-27 00:16:22.903198,4.2412,4.2449
2025-05-27 00:16:23.702060,4.2411,4.2448
2025-05-27 00:16:24.694513,4.2415,4.2452
2025-05-27 00:16:25.216970,4.2414,4.2451
2025-05-27 00:16:25.951599,4.2411,4.2448
2025-05-27 00:16:26.714487,4.2415,4.2452
2025-05-27 00:16:26.753080,4.2413,4.245
2025-05-27 00:16:27.092621,4.2416,4.2453
2025-05-27 00:16:27.854536,4.2411,4.2448
2025-05-27 00:16:27.999949,4.2412,4.2449
2025-05-27 00:16:28.457793,4.2411,4.2448
2025-05-27 00:16:29.993644,4.2416,4.2453
2025-05-27 00:16:30.365851,4.2412,4.2449
2025-05-27 00:16:32.596354,4.2414,4.2451
2025-05-27 00:16:33.055024,4.2415,4.2452
2025-05-27 00:16:33.509886,4.2412,4.2449
2025-05-27 00:16:34.273991,4.2415,4.2452
2025-05-27 00:16:35.015203,4.2413,4.245
2025-05-27 00:16:36.054672,4.241,4.2447
2025-05-27 00:16:36.814174,4.2413,4.245
2025-05-27 00:16:37.361578,4.2412,4.2449
2025-05-27 00:16:37.646914,4.2409,4.2446
2025-05-27 00:16:38.194902,4.2413,4.245
2025-05-27 00:16:38.947986,4.2411,4.2448
2025-05-27 00:16:40.106785,4.2412,4.2449
2025-05-27 00:16:41.671600,4.2409,4.2446
2025-05-27 00:16:42.386049,4.2408,4.2445
2025-05-27 00:16:42.806942,4.241,4.2447
2025-05-27 00:16:43.356857,4.2411,4.2448
2025-05-27 00:16:44.727346,4.241,4.2447
2025-05-27 00:16:45.433613,4.2412,4.2449
2025-05-27 00:16:45.641822,4.2413,4.245
2025-05-27 00:16:47.563024,4.2412,4.2449
2025-05-27 00:16:48.774881,4.2413,4.245
2025-05-27 00:16:48.990677,4.2412,4.2449
2025-05-27 00:16:49.750620,4.2413,4.245
2025-05-27 00:16:50.768135,4.2412,4.2449
2025-05-27 00:16:51.431373,4.2413,4.245
2025-05-27 00:16:52.006462,4.2411,4.2448
2025-05-27 00:16:52.287201,4.2412,4.2449
2025-05-27 00:16:57.745340,4.2413,4.245
2025-05-27 00:16:58.221494,4.2412,4.2449
2025-05-27 00:17:02.002459,4.2411,4.2448
2025-05-27 00:17:02.802364,4.2412,4.2449
2025-05-27 00:17:04.818518,4.2414,4.2451
2025-05-27 00:17:10.261531,4.2412,4.2449
2025-05-27 00:17:10.852965,4.2413,4.245
2025-05-27 00:17:11.954309,4.2412,4.2449
2025-05-27 00:17:12.739798,4.2413,4.245
2025-05-27 00:17:13.503127,4.2412,4.2449
2025-05-27 00:17:15.163503,4.2413,4.245
2025-05-27 00:17:15.933451,4.241,4.2447
2025-05-27 00:17:16.184160,4.2412,4.2449
2025-05-27 00:17:16.570018,4.2413,4.245
2025-05-27 00:17:17.036628,4.2411,4.2448
2025-05-27 00:17:18.100236,4.241,4.2447
2025-05-27 00:17:18.654378,4.2412,4.2449
2025-05-27 00:17:20.598912,4.241,4.2447
2025-05-27 00:17:21.211402,4.2413,4.245
2025-05-27 00:17:21.975173,4.2412,4.2449
2025-05-27 00:17:22.764023,4.2413,4.245
2025-05-27 00:17:23.213629,4.2411,4.2448
2025-05-27 00:17:24.339313,4.2413,4.245
2025-05-27 00:17:24.817099,4.2411,4.2448
2025-05-27 00:17:25.614383,4.2413,4.245
2025-05-27 00:17:26.380275,4.2414,4.2451
2025-05-27 00:17:27.124821,4.2413,4.245
2025-05-27 00:17:27.869057,4.2414,4.2451
2025-05-27 00:17:28.629900,4.2412,4.2449
2025-05-27 00:17:29.388179,4.2414,4.2451
2025-05-27 00:17:30.898645,4.2413,4.245
2025-05-27 00:17:31.294643,4.2411,4.2448
2025-05-27 00:17:31.685183,4.2414,4.2451
2025-05-27 00:17:33.563861,4.2413,4.245
2025-05-27 00:17:34.340409,4.2414,4.2451
2025-05-27 00:17:35.846638,4.2413,4.245
2025-05-27 00:17:36.058485,4.2414,4.2451
2025-05-27 00:17:36.389275,4.2412,4.2449
2025-05-27 00:17:36.667473,4.241,4.2447
2025-05-27 00:17:37.470088,4.2414,4.2451
2025-05-27 00:17:37.769435,4.2412,4.2449
2025-05-27 00:17:38.526218,4.2413,4.245
2025-05-27 00:17:38.997229,4.2412,4.2449
2025-05-27 00:17:39.448743,4.2414,4.2451
2025-05-27 00:17:40.280042,4.2409,4.2446
2025-05-27 00:17:40.549456,4.2413,4.245
2025-05-27 00:17:41.582437,4.2412,4.2449
2025-05-27 00:17:42.358049,4.2413,4.245
2025-05-27 00:17:43.149618,4.2414,4.2451
2025-05-27 00:17:43.604497,4.2413,4.245
2025-05-27 00:17:44.377215,4.2411,4.2448
2025-05-27 00:17:44.886065,4.241,4.2447
2025-05-27 00:17:45.496487,4.2414,4.2451
2025-05-27 00:17:45.874911,4.2411,4.2448
2025-05-27 00:17:46.246323,4.2413,4.245
2025-05-27 00:17:48.036826,4.2411,4.2448
2025-05-27 00:17:49.560949,4.2413,4.245
2025-05-27 00:17:49.854695,4.2412,4.2449
2025-05-27 00:17:51.373123,4.241,4.2447
2025-05-27 00:17:51.636344,4.2412,4.2449
2025-05-27 00:17:52.431921,4.2414,4.2451
2025-05-27 00:17:53.193830,4.2413,4.245
2025-05-27 00:17:53.958789,4.2411,4.2448
2025-05-27 00:17:54.275552,4.2413,4.245
2025-05-27 00:17:55.035716,4.2412,4.2449
2025-05-27 00:17:55.571963,4.241,4.2447
2025-05-27 00:17:55.965496,4.2413,4.245
2025-05-27 00:17:56.306063,4.2412,4.2449
2025-05-27 00:17:56.853020,4.2411,4.2448
2025-05-27 00:17:57.616668,4.2409,4.2446
2025-05-27 00:17:58.374015,4.2413,4.245
2025-05-27 00:17:59.116727,4.2412,4.2449
2025-05-27 00:17:59.219482,4.2414,4.2451
2025-05-27 00:17:59.719095,4.2412,4.2449
2025-05-27 00:18:00.358527,4.2413,4.245
2025-05-27 00:18:01.656665,4.2411,4.2448
2025-05-27 00:18:02.378850,4.2414,4.2451
2025-05-27 00:18:03.153616,4.2411,4.2448
2025-05-27 00:18:03.944766,4.2412,4.2449
2025-05-27 00:18:04.705734,4.2409,4.2446
2025-05-27 00:18:05.127136,4.2412,4.2449
2025-05-27 00:18:05.892540,4.241,4.2447
2025-05-27 00:18:05.964406,4.2412,4.2449
2025-05-27 00:18:06.572001,4.2411,4.2448
2025-05-27 00:18:07.318626,4.241,4.2447
2025-05-27 00:18:07.793645,4.2411,4.2448
2025-05-27 00:18:09.995394,4.2412,4.2449
2025-05-27 00:18:10.301641,4.2411,4.2448
2025-05-27 00:18:13.349796,4.2412,4.2449
2025-05-27 00:18:14.073594,4.2411,4.2448
2025-05-27 00:18:16.984596,4.2412,4.2449
2025-05-27 00:18:18.136276,4.2411,4.2448
2025-05-27 00:18:23.368940,4.2412,4.2449
2025-05-27 00:18:24.249983,4.2411,4.2448
2025-05-27 00:18:30.429983,4.2412,4.2449
2025-05-27 00:18:30.953009,4.2411,4.2448
2025-05-27 00:18:41.905226,4.2412,4.2449
2025-05-27 00:18:45.025468,4.2411,4.2448
2025-05-27 00:18:47.116808,4.2412,4.2449
2025-05-27 00:18:47.847015,4.2413,4.245
2025-05-27 00:18:48.982655,4.2411,4.2448
2025-05-27 00:18:49.552991,4.2412,4.2449
2025-05-27 00:18:49.837208,4.2411,4.2448
2025-05-27 00:18:50.509512,4.2412,4.2449
2025-05-27 00:18:51.531034,4.2411,4.2448
2025-05-27 00:18:52.976657,4.2412,4.2449
2025-05-27 00:18:53.716111,4.241,4.2447
2025-05-27 00:18:53.923174,4.2412,4.2449
2025-05-27 00:18:58.760344,4.2413,4.245
2025-05-27 00:18:59.336308,4.2412,4.2449
2025-05-27 00:18:59.773307,4.2413,4.245
2025-05-27 00:19:01.634222,4.2412,4.2449
2025-05-27 00:19:03.441462,4.2413,4.245
2025-05-27 00:19:05.644326,4.2411,4.2448
2025-05-27 00:19:06.396601,4.2412,4.2449
2025-05-27 00:19:07.921717,4.2413,4.245
2025-05-27 00:19:08.611268,4.2412,4.2449
2025-05-27 00:19:09.270186,4.2413,4.245
2025-05-27 00:19:10.256489,4.2414,4.2451
2025-05-27 00:19:10.545833,4.2411,4.2448
2025-05-27 00:19:11.001562,4.2412,4.2449
2025-05-27 00:19:11.591879,4.241,4.2447
2025-05-27 00:19:12.287816,4.2411,4.2448
2025-05-27 00:19:13.341792,4.241,4.2447
2025-05-27 00:19:13.701600,4.2411,4.2448
2025-05-27 00:19:14.175040,4.2412,4.2449
2025-05-27 00:19:14.823127,4.2409,4.2446
2025-05-27 00:19:15.585010,4.2411,4.2448
2025-05-27 00:19:16.093722,4.2412,4.2449
2025-05-27 00:19:16.496745,4.2413,4.245
2025-05-27 00:19:17.279706,4.2411,4.2448
2025-05-27 00:19:18.022517,4.2412,4.2449
2025-05-27 00:19:19.968014,4.2411,4.2448
2025-05-27 00:19:20.487757,4.2412,4.2449
2025-05-27 00:19:21.040125,4.241,4.2447
2025-05-27 00:19:21.690753,4.2411,4.2448
2025-05-27 00:19:22.587630,4.241,4.2447
2025-05-27 00:19:22.787095,4.2411,4.2448
2025-05-27 00:19:23.386534,4.2412,4.2449
2025-05-27 00:19:23.945802,4.2411,4.2448
2025-05-27 00:19:24.593094,4.2412,4.2449
2025-05-27 00:19:25.925204,4.2411,4.2448
2025-05-27 00:19:26.710505,4.2412,4.2449
2025-05-27 00:19:27.465020,4.2413,4.245
2025-05-27 00:19:28.275366,4.241,4.2447
2025-05-27 00:19:29.285561,4.2413,4.245
2025-05-27 00:19:30.442000,4.2411,4.2448
2025-05-27 00:19:31.087376,4.2412,4.2449
2025-05-27 00:19:31.838309,4.2413,4.245
2025-05-27 00:19:32.116137,4.2414,4.2451
2025-05-27 00:19:32.889843,4.2412,4.2449
2025-05-27 00:19:34.252627,4.2413,4.245
2025-05-27 00:19:35.004967,4.2412,4.2449
2025-05-27 00:19:35.750267,4.2413,4.245
2025-05-27 00:19:36.167943,4.2411,4.2448
2025-05-27 00:19:39.698326,4.2412,4.2449
2025-05-27 00:19:41.115388,4.241,4.2447
2025-05-27 00:19:41.804338,4.2411,4.2448
2025-05-27 00:19:42.514822,4.241,4.2447
2025-05-27 00:19:43.563728,4.2411,4.2448
2025-05-27 00:19:44.073584,4.2409,4.2446
2025-05-27 00:19:44.699520,4.2412,4.2449
2025-05-27 00:19:45.300426,4.2411,4.2448
2025-05-27 00:19:46.067974,4.241,4.2447
2025-05-27 00:19:46.689413,4.2409,4.2446
2025-05-27 00:19:47.166946,4.241,4.2447
2025-05-27 00:19:47.663479,4.2411,4.2448
2025-05-27 00:19:48.894640,4.2412,4.2449
2025-05-27 00:19:49.659965,4.241,4.2447
2025-05-27 00:19:50.397654,4.2411,4.2448
2025-05-27 00:19:52.217669,4.2412,4.2449
2025-05-27 00:19:52.301549,4.2411,4.2448
2025-05-27 00:19:52.880576,4.2413,4.245
2025-05-27 00:19:56.344879,4.2409,4.2446
2025-05-27 00:19:57.104416,4.2412,4.2449
2025-05-27 00:19:57.514845,4.2413,4.245
2025-05-27 00:19:58.417620,4.2411,4.2448
2025-05-27 00:19:58.907069,4.2412,4.2449
2025-05-27 00:19:59.706712,4.2414,4.2451
2025-05-27 00:20:00.448295,4.2412,4.2449
2025-05-27 00:20:04.953018,4.241,4.2447
2025-05-27 00:20:05.357124,4.2412,4.2449
2025-05-27 00:20:05.674610,4.2413,4.245
2025-05-27 00:20:06.352803,4.2412,4.2449
2025-05-27 00:20:07.534874,4.2413,4.245
2025-05-27 00:20:08.791258,4.2412,4.2449
2025-05-27 00:20:11.001808,4.2411,4.2448
2025-05-27 00:20:11.217840,4.2413,4.245
2025-05-27 00:20:11.809033,4.2412,4.2449
2025-05-27 00:20:12.200390,4.2413,4.245
2025-05-27 00:20:14.977430,4.2412,4.2449
2025-05-27 00:20:16.096329,4.2413,4.245
2025-05-27 00:20:16.299608,4.2412,4.2449
2025-05-27 00:20:16.583848,4.241,4.2447
2025-05-27 00:20:17.355072,4.2413,4.245
2025-05-27 00:20:17.811433,4.2412,4.2449
2025-05-27 00:20:18.237711,4.2413,4.245
2025-05-27 00:20:18.753349,4.2412,4.2449
2025-05-27 00:20:19.222451,4.2413,4.245
2025-05-27 00:20:21.294018,4.2412,4.2449
2025-05-27 00:20:22.933004,4.2413,4.245
2025-05-27 00:20:23.692935,4.241,4.2447
2025-05-27 00:20:24.192674,4.2412,4.2449
2025-05-27 00:20:26.014395,4.2413,4.245
2025-05-27 00:20:28.719856,4.2412,4.2449
2025-05-27 00:20:29.325908,4.2413,4.245
2025-05-27 00:20:29.759121,4.2412,4.2449
2025-05-27 00:20:30.560160,4.2413,4.245
2025-05-27 00:20:30.822630,4.2412,4.2449
2025-05-27 00:20:34.302441,4.2413,4.245
2025-05-27 00:20:35.827449,4.2412,4.2449
2025-05-27 00:20:37.086783,4.2413,4.245
2025-05-27 00:20:38.063802,4.2412,4.2449
2025-05-27 00:20:40.365254,4.2413,4.245
2025-05-27 00:20:41.393126,4.2412,4.2449
2025-05-27 00:20:42.132644,4.2411,4.2448
2025-05-27 00:20:42.886417,4.2413,4.245
2025-05-27 00:20:43.411499,4.2412,4.2449
2025-05-27 00:20:44.209193,4.2413,4.245
2025-05-27 00:20:44.874273,4.241,4.2447
2025-05-27 00:20:45.444832,4.2413,4.245
2025-05-27 00:20:46.234301,4.2412,4.2449
2025-05-27 00:20:46.975442,4.2411,4.2448
2025-05-27 00:20:48.184654,4.2413,4.245
2025-05-27 00:20:51.454353,4.2412,4.2449
2025-05-27 00:20:52.181965,4.2411,4.2448
2025-05-27 00:20:52.606024,4.2413,4.245
2025-05-27 00:20:52.979981,4.241,4.2447
2025-05-27 00:20:53.606297,4.2412,4.2449
2025-05-27 00:20:54.343945,4.2413,4.245
2025-05-27 00:20:55.084165,4.2411,4.2448
2025-05-27 00:20:55.880867,4.2413,4.245
2025-05-27 00:20:56.649462,4.2411,4.2448
2025-05-27 00:20:57.649462,4.2412,4.2449
2025-05-27 00:20:58.484511,4.2413,4.245
2025-05-27 00:20:59.279926,4.2412,4.2449
2025-05-27 00:21:00.780612,4.2409,4.2446
2025-05-27 00:21:01.753024,4.2411,4.2448
2025-05-27 00:21:02.521693,4.2412,4.2449
2025-05-27 00:21:02.593631,4.2413,4.245
2025-05-27 00:21:06.559962,4.2412,4.2449
2025-05-27 00:21:07.322879,4.2413,4.245
2025-05-27 00:21:08.143400,4.2412,4.2449
2025-05-27 00:21:08.880526,4.2413,4.245
2025-05-27 00:21:09.457535,4.241,4.2447
2025-05-27 00:21:10.312337,4.2412,4.2449
2025-05-27 00:21:10.865405,4.2411,4.2448
2025-05-27 00:21:11.962526,4.2413,4.245
2025-05-27 00:21:24.258909,4.2411,4.2448
2025-05-27 00:21:25.046402,4.2412,4.2449
2025-05-27 00:21:25.856341,4.2411,4.2448
2025-05-27 00:21:26.664095,4.2413,4.245
2025-05-27 00:21:26.908141,4.2412,4.2449
2025-05-27 00:21:29.111273,4.241,4.2447
2025-05-27 00:21:30.043342,4.2412,4.2449
2025-05-27 00:21:31.123598,4.2413,4.245
2025-05-27 00:21:31.836042,4.2412,4.2449
2025-05-27 00:21:33.020477,4.2413,4.245
2025-05-27 00:21:34.683635,4.2412,4.2449
2025-05-27 00:21:35.947351,4.2411,4.2448
2025-05-27 00:21:36.699029,4.2413,4.245
2025-05-27 00:21:38.200172,4.2412,4.2449
2025-05-27 00:21:38.882553,4.2413,4.245
2025-05-27 00:21:39.269231,4.2412,4.2449
2025-05-27 00:21:39.926042,4.2413,4.245
2025-05-27 00:21:41.594864,4.2411,4.2448
2025-05-27 00:21:46.621624,4.2412,4.2449
2025-05-27 00:21:46.751882,4.2411,4.2448
2025-05-27 00:21:46.817034,4.2412,4.2449
2025-05-27 00:21:48.697228,4.2413,4.245
2025-05-27 00:21:50.294133,4.2412,4.2449
2025-05-27 00:21:50.926484,4.2413,4.245
2025-05-27 00:21:51.994349,4.2412,4.2449
2025-05-27 00:21:53.709068,4.2413,4.245
2025-05-27 00:21:55.273227,4.2412,4.2449
2025-05-27 00:21:55.666971,4.2411,4.2448
2025-05-27 00:21:56.238436,4.2413,4.245
2025-05-27 00:21:57.002596,4.2412,4.2449
2025-05-27 00:21:59.239374,4.2413,4.245
2025-05-27 00:21:59.989317,4.2412,4.2449
2025-05-27 00:22:00.420106,4.2413,4.245
2025-05-27 00:22:02.551566,4.2412,4.2449
2025-05-27 00:22:04.583601,4.2413,4.245
2025-05-27 00:22:11.027034,4.2412,4.2449
2025-05-27 00:22:11.955879,4.2411,4.2448
2025-05-27 00:22:12.636108,4.2413,4.245
2025-05-27 00:22:13.306045,4.2412,4.2449
2025-05-27 00:22:14.061486,4.2413,4.245
2025-05-27 00:22:15.518110,4.2412,4.2449
2025-05-27 00:22:16.740666,4.2413,4.245
2025-05-27 00:22:19.114366,4.2412,4.2449
2025-05-27 00:22:19.538167,4.2413,4.245
2025-05-27 00:22:20.515300,4.2412,4.2449
2025-05-27 00:22:22.295170,4.2413,4.245
2025-05-27 00:22:23.188364,4.2412,4.2449
2025-05-27 00:22:23.456979,4.2413,4.245
2025-05-27 00:22:25.656211,4.2411,4.2448
2025-05-27 00:22:26.404673,4.2412,4.2449
2025-05-27 00:22:27.200625,4.2413,4.245
2025-05-27 00:22:27.643019,4.2412,4.2449
2025-05-27 00:22:28.186550,4.2413,4.245
2025-05-27 00:22:30.803824,4.2412,4.2449
2025-05-27 00:22:31.956804,4.2413,4.245
2025-05-27 00:22:32.656922,4.2411,4.2448
2025-05-27 00:22:33.360100,4.2413,4.245
2025-05-27 00:22:34.444598,4.2412,4.2449
2025-05-27 00:22:35.045316,4.2411,4.2448
2025-05-27 00:22:35.568380,4.2412,4.2449
2025-05-27 00:22:36.952562,4.2413,4.245
2025-05-27 00:22:37.484696,4.2412,4.2449
2025-05-27 00:22:38.051665,4.241,4.2447
2025-05-27 00:22:38.570068,4.2413,4.245
2025-05-27 00:22:39.862457,4.2412,4.2449
2025-05-27 00:22:40.398421,4.2413,4.245
2025-05-27 00:22:41.089805,4.2411,4.2448
2025-05-27 00:22:41.371228,4.2412,4.2449
2025-05-27 00:22:42.083470,4.2413,4.245
2025-05-27 00:22:45.411868,4.2412,4.2449
2025-05-27 00:22:47.448049,4.2413,4.245
2025-05-27 00:22:48.263147,4.2411,4.2448
2025-05-27 00:22:49.058170,4.2412,4.2449
2025-05-27 00:22:50.830453,4.2411,4.2448
2025-05-27 00:22:51.100446,4.2413,4.245
2025-05-27 00:22:52.217957,4.2412,4.2449
2025-05-27 00:22:52.764561,4.2413,4.245
2025-05-27 00:22:53.253923,4.2412,4.2449
2025-05-27 00:22:54.757792,4.2413,4.245
2025-05-27 00:22:58.755891,4.2412,4.2449
2025-05-27 00:22:59.696535,4.2413,4.245
2025-05-27 00:23:00.454599,4.2412,4.2449
2025-05-27 00:23:01.633498,4.2413,4.245
2025-05-27 00:23:03.818378,4.2414,4.2451
2025-05-27 00:23:04.385180,4.2413,4.245
2025-05-27 00:23:05.587209,4.2412,4.2449
2025-05-27 00:23:07.401808,4.2413,4.245
2025-05-27 00:23:08.315338,4.2412,4.2449
2025-05-27 00:23:09.206200,4.241,4.2447
2025-05-27 00:23:09.789922,4.2413,4.245
2025-05-27 00:23:10.463548,4.2412,4.2449
2025-05-27 00:23:12.651374,4.2413,4.245
2025-05-27 00:23:12.952073,4.2414,4.2451
2025-05-27 00:23:13.124745,4.2413,4.245
2025-05-27 00:23:13.357270,4.2412,4.2449
2025-05-27 00:23:14.703412,4.2411,4.2448
2025-05-27 00:23:15.192524,4.241,4.2447
2025-05-27 00:23:15.652645,4.2412,4.2449
2025-05-27 00:23:17.403489,4.2411,4.2448
2025-05-27 00:23:17.938600,4.2412,4.2449
2025-05-27 00:23:18.155363,4.241,4.2447
2025-05-27 00:23:18.797059,4.2411,4.2448
2025-05-27 00:23:19.392561,4.2409,4.2446
2025-05-27 00:23:20.970208,4.241,4.2447
2025-05-27 00:23:22.206791,4.2411,4.2448
2025-05-27 00:23:22.614157,4.241,4.2447
2025-05-27 00:23:23.444262,4.2409,4.2446
2025-05-27 00:23:24.119246,4.2406,4.2443
2025-05-27 00:23:25.415301,4.2411,4.2448
2025-05-27 00:23:26.541340,4.241,4.2447
2025-05-27 00:23:27.329954,4.2409,4.2446
2025-05-27 00:23:27.461873,4.2412,4.2449
2025-05-27 00:23:27.997571,4.2411,4.2448
2025-05-27 00:23:28.573531,4.241,4.2447
2025-05-27 00:23:29.069368,4.2411,4.2448
2025-05-27 00:23:30.098882,4.241,4.2447
2025-05-27 00:23:30.468819,4.2408,4.2445
2025-05-27 00:23:30.837399,4.241,4.2447
2025-05-27 00:23:31.476025,4.2412,4.2449
2025-05-27 00:23:31.856700,4.2411,4.2448
2025-05-27 00:23:32.416215,4.2414,4.2451
2025-05-27 00:23:32.886528,4.241,4.2447
2025-05-27 00:23:33.501433,4.2411,4.2448
2025-05-27 00:23:35.006615,4.2413,4.245
2025-05-27 00:23:35.719727,4.2412,4.2449
2025-05-27 00:23:37.146567,4.2411,4.2448
2025-05-27 00:23:37.620128,4.2412,4.2449
2025-05-27 00:23:38.183518,4.241,4.2447
2025-05-27 00:23:39.005592,4.2411,4.2448
2025-05-27 00:23:39.214996,4.2413,4.245
2025-05-27 00:23:41.048124,4.2411,4.2448
2025-05-27 00:23:42.027237,4.2408,4.2445
2025-05-27 00:23:42.489176,4.2411,4.2448
2025-05-27 00:23:44.129371,4.241,4.2447
2025-05-27 00:23:44.831625,4.2412,4.2449
2025-05-27 00:23:45.466716,4.241,4.2447
2025-05-27 00:23:45.938809,4.2413,4.245
2025-05-27 00:23:46.252510,4.2412,4.2449
2025-05-27 00:23:47.027856,4.2413,4.245
2025-05-27 00:23:47.468553,4.2412,4.2449
2025-05-27 00:23:48.162927,4.2411,4.2448
2025-05-27 00:23:49.551547,4.2412,4.2449
2025-05-27 00:23:50.881225,4.2413,4.245
2025-05-27 00:23:51.931757,4.2412,4.2449
2025-05-27 00:23:53.428614,4.2413,4.245
2025-05-27 00:23:53.759931,4.2411,4.2448
2025-05-27 00:23:54.784406,4.2413,4.245
2025-05-27 00:23:55.946607,4.2408,4.2445
2025-05-27 00:23:57.500216,4.241,4.2447
2025-05-27 00:23:58.014148,4.2412,4.2449
2025-05-27 00:23:59.203391,4.2409,4.2446
2025-05-27 00:23:59.894096,4.2412,4.2449
2025-05-27 00:24:00.497363,4.241,4.2447
2025-05-27 00:24:01.420127,4.2411,4.2448
2025-05-27 00:24:03.386056,4.241,4.2447
2025-05-27 00:24:03.685771,4.2411,4.2448
2025-05-27 00:24:04.135766,4.2409,4.2446
2025-05-27 00:24:04.699869,4.2411,4.2448
2025-05-27 00:24:05.871455,4.2413,4.245
2025-05-27 00:24:06.641525,4.2411,4.2448
2025-05-27 00:24:07.288166,4.241,4.2447
2025-05-27 00:24:08.070251,4.2409,4.2446
2025-05-27 00:24:08.518046,4.2411,4.2448
2025-05-27 00:24:09.273900,4.2409,4.2446
2025-05-27 00:24:09.787410,4.2411,4.2448
2025-05-27 00:24:12.680050,4.2409,4.2446
2025-05-27 00:24:13.059968,4.241,4.2447
2025-05-27 00:24:14.150566,4.2409,4.2446
2025-05-27 00:24:14.843610,4.2411,4.2448
2025-05-27 00:24:15.281263,4.2412,4.2449
2025-05-27 00:24:16.053149,4.2411,4.2448
2025-05-27 00:24:16.353863,4.241,4.2447
2025-05-27 00:24:17.471251,4.2411,4.2448
2025-05-27 00:24:18.699950,4.2413,4.245
2025-05-27 00:24:19.060563,4.241,4.2447
2025-05-27 00:24:19.898704,4.2411,4.2448
2025-05-27 00:24:20.183976,4.2413,4.245
2025-05-27 00:24:20.799785,4.241,4.2447
2025-05-27 00:24:21.632647,4.2411,4.2448
2025-05-27 00:24:22.333288,4.2409,4.2446
2025-05-27 00:24:23.114666,4.241,4.2447
2025-05-27 00:24:23.375497,4.2413,4.245
2025-05-27 00:24:23.771266,4.2412,4.2449
2025-05-27 00:24:24.674082,4.2409,4.2446
2025-05-27 00:24:25.418615,4.2411,4.2448
2025-05-27 00:24:25.780391,4.2412,4.2449
2025-05-27 00:24:26.546833,4.2409,4.2446
2025-05-27 00:24:26.747716,4.241,4.2447
2025-05-27 00:24:26.901162,4.2409,4.2446
2025-05-27 00:24:27.670416,4.241,4.2447
2025-05-27 00:24:28.013458,4.2411,4.2448
2025-05-27 00:24:28.579778,4.2412,4.2449
2025-05-27 00:24:29.367039,4.2409,4.2446
2025-05-27 00:24:29.950702,4.2411,4.2448
2025-05-27 00:24:30.126642,4.2408,4.2445
2025-05-27 00:24:32.258441,4.241,4.2447
2025-05-27 00:24:32.719292,4.2409,4.2446
2025-05-27 00:24:32.785550,4.2407,4.2444
2025-05-27 00:24:32.875849,4.241,4.2447
2025-05-27 00:24:33.956124,4.2411,4.2448
2025-05-27 00:24:35.014604,4.2409,4.2446
2025-05-27 00:24:36.540715,4.2411,4.2448
2025-05-27 00:24:37.292763,4.2409,4.2446
2025-05-27 00:24:37.974327,4.241,4.2447
2025-05-27 00:24:38.293377,4.2411,4.2448
2025-05-27 00:24:39.020014,4.2409,4.2446
2025-05-27 00:24:39.473300,4.241,4.2447
2025-05-27 00:24:40.236288,4.2408,4.2445
2025-05-27 00:24:40.596625,4.241,4.2447
2025-05-27 00:24:40.823920,4.2408,4.2445
2025-05-27 00:24:41.282356,4.241,4.2447
2025-05-27 00:24:41.527711,4.2408,4.2445
2025-05-27 00:24:41.849784,4.2412,4.2449
2025-05-27 00:24:42.136975,4.241,4.2447
2025-05-27 00:24:42.712666,4.2411,4.2448
2025-05-27 00:24:43.250354,4.2413,4.245
2025-05-27 00:24:43.826265,4.2411,4.2448
2025-05-27 00:24:44.848648,4.241,4.2447
2025-05-27 00:24:45.131731,4.2411,4.2448
2025-05-27 00:24:45.903800,4.2408,4.2445
2025-05-27 00:24:46.300545,4.241,4.2447
2025-05-27 00:24:47.882248,4.2409,4.2446
2025-05-27 00:24:48.433450,4.241,4.2447
2025-05-27 00:24:49.210155,4.2407,4.2444
2025-05-27 00:24:50.712008,4.2411,4.2448
2025-05-27 00:24:52.219810,4.2412,4.2449
2025-05-27 00:24:52.963963,4.2411,4.2448
2025-05-27 00:24:53.719419,4.2409,4.2446
2025-05-27 00:24:54.379020,4.241,4.2447
2025-05-27 00:24:55.471705,4.2412,4.2449
2025-05-27 00:24:56.669590,4.2411,4.2448
2025-05-27 00:24:57.848476,4.2412,4.2449
2025-05-27 00:24:58.390015,4.2411,4.2448
2025-05-27 00:24:58.735519,4.241,4.2447
2025-05-27 00:24:59.494864,4.2409,4.2446
2025-05-27 00:25:00.234789,4.2408,4.2445
2025-05-27 00:25:00.703394,4.241,4.2447
2025-05-27 00:25:01.807868,4.2411,4.2448
2025-05-27 00:25:02.618401,4.2408,4.2445
2025-05-27 00:25:03.297345,4.2412,4.2449
2025-05-27 00:25:04.024429,4.2409,4.2446
2025-05-27 00:25:04.707687,4.2411,4.2448
2025-05-27 00:25:05.454125,4.2414,4.2451
2025-05-27 00:25:06.222186,4.2411,4.2448
2025-05-27 00:25:06.974901,4.2408,4.2445
2025-05-27 00:25:07.207874,4.2411,4.2448
2025-05-27 00:25:07.972382,4.2413,4.245
2025-05-27 00:25:08.089770,4.2412,4.2449
2025-05-27 00:25:08.867220,4.241,4.2447
2025-05-27 00:25:09.335351,4.2411,4.2448
2025-05-27 00:25:10.109783,4.241,4.2447
2025-05-27 00:25:10.357555,4.2409,4.2446
2025-05-27 00:25:10.986028,4.2408,4.2445
2025-05-27 00:25:11.356860,4.2405,4.2442
