timestamp,bid,ask
2025-04-22 11:51:24.282573,1.14977,1.14987
2025-04-22 11:51:24.774476,1.14979,1.14987
2025-04-22 11:51:24.972755,1.14978,1.14987
2025-04-22 11:51:25.474783,1.14981,1.14989
2025-04-22 11:51:26.333882,1.14978,1.14988
2025-04-22 11:51:26.546221,1.14978,1.14987
2025-04-22 11:51:26.919808,1.14978,1.14988
2025-04-22 11:51:27.427810,1.14978,1.14987
2025-04-22 11:51:27.915943,1.14978,1.14988
2025-04-22 11:51:29.453467,1.14979,1.14988
2025-04-22 11:51:29.951620,1.14981,1.14989
2025-04-22 11:51:30.169147,1.14981,1.1499
2025-04-22 11:51:30.675075,1.14981,1.14989
2025-04-22 11:51:31.173799,1.14981,1.1499
2025-04-22 11:51:31.625756,1.14981,1.14989
2025-04-22 11:51:32.049595,1.14981,1.1499
2025-04-22 11:51:32.280726,1.14976,1.14985
2025-04-22 11:51:32.778149,1.14974,1.14983
2025-04-22 11:51:33.771435,1.14975,1.14983
2025-04-22 11:51:34.271161,1.14976,1.14984
2025-04-22 11:51:34.871732,1.14975,1.14984
2025-04-22 11:51:35.781184,1.14976,1.14984
2025-04-22 11:51:37.483369,1.14976,1.14985
2025-04-22 11:51:38.898788,1.14975,1.14983
2025-04-22 11:51:39.376012,1.14974,1.14982
2025-04-22 11:51:39.873176,1.14976,1.14985
2025-04-22 11:51:40.397927,1.14976,1.14984
2025-04-22 11:51:40.605520,1.14976,1.14985
2025-04-22 11:51:42.144082,1.14977,1.14986
2025-04-22 11:51:42.389316,1.14976,1.14984
2025-04-22 11:51:43.015195,1.14978,1.14986
2025-04-22 11:51:43.755518,1.14979,1.14988
2025-04-22 11:51:45.021576,1.14979,1.14987
2025-04-22 11:51:45.525193,1.14979,1.14988
2025-04-22 11:51:45.789925,1.1498,1.14988
2025-04-22 11:51:46.520410,1.14979,1.14988
2025-04-22 11:51:49.023655,1.14979,1.14987
2025-04-22 11:51:49.314906,1.14979,1.14988
2025-04-22 11:51:49.507658,1.14977,1.14985
2025-04-22 11:51:50.147127,1.14977,1.14986
2025-04-22 11:51:50.367517,1.14978,1.14987
2025-04-22 11:51:50.866290,1.14978,1.14986
2025-04-22 11:51:51.131185,1.14977,1.14985
2025-04-22 11:51:53.928824,1.14977,1.14986
2025-04-22 11:51:54.765555,1.14977,1.14985
2025-04-22 11:51:55.310353,1.14974,1.14982
2025-04-22 11:51:55.544987,1.14973,1.14982
2025-04-22 11:51:56.363127,1.14974,1.14982
2025-04-22 11:51:56.996112,1.14973,1.14981
2025-04-22 11:51:58.158520,1.14973,1.14982
2025-04-22 11:51:59.910681,1.14974,1.14982
2025-04-22 11:52:00.234139,1.14976,1.14986
2025-04-22 11:52:00.594081,1.14977,1.14985
2025-04-22 11:52:01.445145,1.14983,1.14992
2025-04-22 11:52:01.949790,1.14984,1.14994
2025-04-22 11:52:02.643463,1.14986,1.14995
2025-04-22 11:52:03.281973,1.14986,1.14994
2025-04-22 11:52:04.064251,1.14986,1.14996
2025-04-22 11:52:04.279011,1.14987,1.14995
2025-04-22 11:52:07.882116,1.14986,1.14994
2025-04-22 11:52:09.849143,1.14985,1.14994
2025-04-22 11:52:10.132498,1.14982,1.1499
2025-04-22 11:52:10.464393,1.14981,1.1499
2025-04-22 11:52:11.074289,1.14982,1.1499
2025-04-22 11:52:11.401465,1.14981,1.1499
2025-04-22 11:52:12.265905,1.14982,1.1499
2025-04-22 11:52:13.702053,1.14981,1.1499
2025-04-22 11:52:16.917792,1.14981,1.14989
2025-04-22 11:52:21.905196,1.14981,1.1499
2025-04-22 11:52:22.704316,1.14984,1.14993
2025-04-22 11:52:23.220335,1.14982,1.1499
2025-04-22 11:52:23.936136,1.14983,1.14992
2025-04-22 11:52:24.455873,1.14982,1.1499
2025-04-22 11:52:24.877536,1.14982,1.14991
2025-04-22 11:52:25.852108,1.14981,1.14991
2025-04-22 11:52:26.355198,1.14982,1.14991
2025-04-22 11:52:26.368181,1.14981,1.1499
2025-04-22 11:52:26.917328,1.1498,1.14989
2025-04-22 11:52:27.190245,1.14982,1.1499
2025-04-22 11:52:27.944848,1.14981,1.1499
2025-04-22 11:52:28.311959,1.14981,1.14991
2025-04-22 11:52:28.806262,1.14981,1.14989
2025-04-22 11:52:29.317623,1.14981,1.1499
2025-04-22 12:15:44.973390,1.14793,1.14803
2025-04-22 12:15:45.433089,1.14792,1.14801
2025-04-22 12:15:45.940508,1.14792,1.14802
2025-04-22 12:15:46.442460,1.14792,1.14801
2025-04-22 12:15:46.854029,1.14793,1.14802
2025-04-22 12:15:47.358559,1.14792,1.14802
2025-04-22 12:15:48.094912,1.14793,1.14802
2025-04-22 12:15:48.593126,1.14793,1.14801
2025-04-22 12:15:49.091657,1.14793,1.14802
2025-04-22 12:15:49.411176,1.14792,1.14802
2025-04-22 12:15:49.882896,1.14785,1.14794
2025-04-22 12:15:50.964479,1.14784,1.14794
2025-04-22 12:15:51.816973,1.14785,1.14794
2025-04-22 12:15:52.032691,1.14786,1.14794
2025-04-22 12:15:52.703607,1.14787,1.14795
2025-04-22 12:15:52.911025,1.14787,1.14796
2025-04-22 12:15:53.716932,1.14786,1.14795
2025-04-22 12:15:54.187097,1.14785,1.14795
2025-04-22 12:15:54.794616,1.14787,1.14795
2025-04-22 12:15:55.305562,1.14786,1.14795
2025-04-22 12:15:55.515591,1.14785,1.14795
2025-04-22 12:15:55.828397,1.14781,1.1479
2025-04-22 12:15:56.159518,1.14777,1.14787
2025-04-22 12:15:56.540705,1.14779,1.14787
2025-04-22 12:15:57.632717,1.14782,1.14791
2025-04-22 12:15:58.589536,1.14783,1.14791
2025-04-22 12:15:58.836866,1.14786,1.14794
2025-04-22 12:15:59.401493,1.14785,1.14794
2025-04-22 12:16:00.226810,1.14787,1.14796
2025-04-22 12:16:00.375374,1.14788,1.14797
2025-04-22 12:16:00.696863,1.14787,1.14797
2025-04-22 12:16:02.187883,1.14789,1.14798
2025-04-22 12:16:02.403577,1.14789,1.14797
2025-04-22 20:55:07.501607,1.1419,1.14198
2025-04-22 20:55:12.270466,1.14188,1.14196
2025-04-22 20:55:15.681444,1.1419,1.14198
2025-04-22 20:55:26.669146,1.14192,1.142
2025-04-22 20:55:43.356309,1.1419,1.14198
2025-04-22 20:55:47.886898,1.14191,1.14199
2025-04-22 20:55:49.687852,1.1419,1.14198
2025-04-22 20:56:15.251106,1.14192,1.142
2025-04-22 20:56:15.744866,1.14191,1.14199
2025-04-22 20:56:18.721665,1.14192,1.142
2025-04-22 20:56:26.369583,1.14196,1.14204
2025-04-22 20:56:33.693361,1.14195,1.14203
2025-04-22 20:56:34.196460,1.14196,1.14204
2025-04-22 20:56:43.957921,1.14194,1.14202
2025-04-22 20:56:47.459843,1.14193,1.14201
2025-04-22 20:57:00.642996,1.14194,1.14202
2025-04-22 20:57:01.692199,1.14193,1.14201
2025-04-22 20:57:02.448516,1.14194,1.14202
2025-04-22 20:57:20.731362,1.14193,1.14201
2025-04-22 20:57:34.039274,1.14194,1.14202
2025-04-22 20:57:34.546276,1.14193,1.14201
2025-04-22 20:57:39.638662,1.14194,1.14202
2025-04-22 20:57:40.134308,1.14193,1.14201
2025-04-22 20:57:41.677932,1.14192,1.142
2025-04-22 20:57:59.483868,1.14191,1.14199
2025-04-22 20:58:00.850551,1.14191,1.14203
2025-04-22 20:58:02.972284,1.14192,1.14203
2025-04-22 20:58:05.446966,1.14193,1.14204
2025-04-22 20:58:07.972030,1.14192,1.14204
2025-04-22 20:58:09.021313,1.14193,1.14204
2025-04-22 20:58:10.330773,1.14192,1.14204
2025-04-22 20:58:11.307790,1.14193,1.14204
2025-04-22 20:58:12.877803,1.14192,1.14204
2025-04-22 20:58:13.870471,1.14193,1.14204
2025-04-22 20:58:16.273211,1.14192,1.14204
2025-04-22 20:58:18.734395,1.14193,1.14204
2025-04-22 20:58:19.093657,1.14192,1.14204
2025-04-22 20:58:21.216785,1.14193,1.14204
2025-04-22 20:58:22.480393,1.14192,1.14204
2025-04-22 20:58:22.807730,1.1419,1.14203
2025-04-22 20:58:23.025389,1.14191,1.14202
2025-04-22 20:58:23.537474,1.14192,1.14204
2025-04-22 20:58:27.524230,1.14193,1.14204
2025-04-22 20:58:29.599896,1.14194,1.14205
2025-04-22 20:58:31.098373,1.14195,1.14207
2025-04-22 20:58:33.237650,1.14195,1.14206
2025-04-22 20:58:35.143524,1.14195,1.14207
2025-04-22 20:58:38.249963,1.14195,1.14206
2025-04-22 20:58:38.747125,1.14199,1.14207
2025-04-22 20:58:39.181145,1.14195,1.14207
2025-04-22 20:58:39.679082,1.14204,1.14217
2025-04-22 20:58:40.688496,1.14203,1.14216
2025-04-22 20:58:41.183537,1.14203,1.14215
2025-04-22 20:58:42.689330,1.14206,1.14219
2025-04-22 20:58:43.186550,1.14208,1.1422
2025-04-22 20:58:44.259646,1.14207,1.14219
2025-04-22 20:58:44.768403,1.14208,1.1422
2025-04-22 20:58:45.264818,1.14207,1.14219
2025-04-22 20:58:45.761676,1.14208,1.1422
2025-04-22 20:58:46.272698,1.14206,1.14219
2025-04-22 20:58:46.723660,1.14204,1.14216
2025-04-22 20:58:48.209920,1.14208,1.1422
2025-04-22 20:58:48.722291,1.14206,1.14217
2025-04-22 20:58:49.218699,1.14206,1.14219
2025-04-22 20:58:49.507125,1.14206,1.14217
2025-04-22 20:58:50.948180,1.14206,1.1422
2025-04-22 20:58:51.756422,1.14207,1.14218
2025-04-22 20:58:52.244511,1.14205,1.14218
2025-04-22 20:58:52.742236,1.14205,1.1422
2025-04-22 20:58:53.254542,1.14205,1.14217
2025-04-22 20:58:54.695804,1.14205,1.1422
2025-04-22 20:58:56.698512,1.14205,1.14218
2025-04-22 20:58:58.250323,1.14205,1.1422
2025-04-22 20:58:59.499038,1.14206,1.14221
2025-04-22 20:59:00.491373,1.14205,1.14219
2025-04-22 20:59:01.854072,1.14206,1.14221
2025-04-22 20:59:02.366282,1.14205,1.1422
2025-04-22 20:59:07.683535,1.14201,1.14216
2025-04-22 20:59:07.779737,1.14204,1.14219
2025-04-22 20:59:08.275754,1.14206,1.1422
2025-04-22 20:59:08.785957,1.14205,1.14219
2025-04-22 20:59:09.777758,1.14206,1.14221
2025-04-22 20:59:10.275478,1.14205,1.14219
2025-04-22 20:59:14.166984,1.14204,1.14219
2025-04-22 20:59:17.949183,1.14202,1.14219
2025-04-22 20:59:33.762830,1.14205,1.14219
2025-04-22 20:59:34.306358,1.14204,1.14218
2025-04-22 20:59:43.553086,1.14205,1.14219
2025-04-22 20:59:53.002238,1.14205,1.14221
2025-04-22 20:59:54.834154,1.14204,1.14218
2025-04-22 20:59:55.975167,1.14198,1.14213
2025-04-22 20:59:56.599505,1.14197,1.14212
2025-04-22 20:59:57.723606,1.14206,1.14225
2025-04-22 20:59:58.594905,1.14207,1.1423
2025-04-22 20:59:59.808858,1.14207,1.14236
2025-04-22 21:00:29.382643,1.14201,1.14273
2025-04-22 21:00:38.383562,1.14201,1.14271
2025-04-22 21:01:17.890463,1.14194,1.14269
2025-04-22 21:01:40.896316,1.14189,1.14267
2025-04-22 21:01:59.900947,1.14189,1.14268
2025-04-22 21:02:30.432357,1.14197,1.14268
2025-04-22 21:02:32.440022,1.14201,1.14268
2025-04-22 21:02:50.445196,1.14199,1.14268
2025-04-22 21:02:59.492115,1.14199,1.14267
2025-04-22 21:03:11.517989,1.14202,1.14267
2025-04-22 21:03:40.039321,1.14203,1.14267
2025-04-22 21:03:45.060868,1.14212,1.14267
2025-04-22 21:04:04.083068,1.14211,1.14267
2025-04-22 21:04:18.087783,1.14203,1.14267
2025-04-22 21:04:22.090602,1.14204,1.14267
2025-04-22 21:04:30.087636,1.14202,1.14258
2025-04-22 21:04:31.588144,1.14203,1.14257
2025-04-22 21:04:35.596379,1.14203,1.14253
2025-04-22 21:04:40.591235,1.14204,1.14253
2025-04-22 21:04:51.092489,1.14203,1.14253
2025-04-22 21:05:01.128105,1.14203,1.14252
2025-04-22 21:05:10.122999,1.14202,1.14252
2025-04-22 21:05:12.124975,1.14203,1.14252
2025-04-22 21:05:14.625188,1.14205,1.14252
2025-04-22 21:05:26.117442,1.14203,1.14252
2025-04-22 21:05:33.622537,1.14204,1.14252
2025-04-22 21:05:49.618619,1.14209,1.14276
2025-04-22 21:05:52.619549,1.14211,1.14276
2025-04-22 21:06:11.134910,1.14209,1.14276
2025-04-22 21:06:11.635887,1.14214,1.14276
2025-04-22 21:06:14.646243,1.14213,1.14276
2025-04-22 21:06:15.148166,1.14209,1.14276
2025-04-22 21:06:49.724410,1.1421,1.14276
2025-04-22 21:07:25.838100,1.14212,1.1428
2025-04-22 21:09:26.476629,1.14214,1.1428
2025-04-22 21:09:34.484013,1.14214,1.14287
2025-04-22 21:09:34.987392,1.14215,1.14287
2025-04-22 21:09:46.485491,1.14212,1.14287
2025-04-22 21:09:48.486401,1.14214,1.14287
2025-04-22 21:09:49.491404,1.14215,1.14287
2025-04-22 21:09:59.482552,1.14217,1.14287
2025-04-22 21:10:02.488690,1.14216,1.14287
2025-04-22 21:10:04.486776,1.14218,1.14287
2025-04-22 21:10:07.983219,1.14221,1.14287
2025-04-22 21:10:28.977355,1.1422,1.14287
2025-04-22 21:10:34.479563,1.1422,1.14289
2025-04-22 21:10:36.980597,1.14219,1.14289
2025-04-22 21:10:38.982264,1.1422,1.14289
2025-04-22 21:10:44.479865,1.14217,1.14289
2025-04-22 21:10:45.479653,1.14219,1.14289
2025-04-22 21:10:47.992158,1.14218,1.14289
2025-04-22 21:10:57.527088,1.14219,1.14289
2025-04-22 21:11:01.025022,1.14218,1.14289
2025-04-22 21:11:19.023209,1.14217,1.14289
2025-04-22 21:11:19.539177,1.14218,1.14289
2025-04-22 21:11:22.034434,1.14217,1.14289
2025-04-22 21:11:45.545597,1.14214,1.14289
2025-04-22 21:11:49.551081,1.14232,1.14293
2025-04-22 21:11:55.538309,1.14225,1.14305
2025-04-22 21:11:59.066872,1.1423,1.14299
2025-04-22 21:12:48.266924,1.14242,1.14294
2025-04-22 21:13:00.779390,1.14233,1.14283
2025-04-22 21:13:02.273585,1.1424,1.14283
2025-04-22 21:13:06.775897,1.14241,1.14283
2025-04-22 21:13:07.782609,1.14242,1.14283
2025-04-22 21:13:08.276919,1.14243,1.14285
2025-04-22 21:13:08.785557,1.14243,1.14292
2025-04-22 21:13:15.795231,1.14241,1.14292
2025-04-22 21:14:41.353159,1.14241,1.14294
2025-04-22 21:15:27.470262,1.14243,1.14297
2025-04-22 21:15:37.506390,1.14243,1.14299
2025-04-22 21:16:25.507762,1.14234,1.143
2025-04-22 21:16:34.529004,1.14233,1.14308
2025-04-22 21:16:38.037298,1.14242,1.14291
2025-04-22 21:16:44.531051,1.14234,1.14301
2025-04-22 21:16:45.029494,1.14241,1.14286
2025-04-22 21:16:48.026722,1.14242,1.14286
2025-04-22 21:16:49.537575,1.14242,1.1429
2025-04-22 21:16:53.536017,1.14244,1.1429
2025-04-22 21:16:55.033960,1.14233,1.143
2025-04-22 21:16:55.535393,1.14235,1.143
2025-04-22 21:16:56.532105,1.14232,1.143
2025-04-22 21:17:02.532862,1.14233,1.143
2025-04-22 21:17:04.527111,1.14234,1.143
2025-04-22 21:17:41.585532,1.14233,1.143
2025-04-22 21:17:48.086024,1.14221,1.14301
2025-04-22 21:17:57.591665,1.1423,1.14307
2025-04-22 21:17:58.597045,1.14227,1.14307
2025-04-22 21:18:11.745893,1.14225,1.14305
2025-04-22 21:18:14.744794,1.14226,1.14306
2025-04-22 21:18:20.754689,1.14231,1.14307
2025-04-22 21:18:32.770804,1.1423,1.14307
2025-04-22 21:18:44.266003,1.14229,1.14307
2025-04-22 21:18:44.760596,1.14231,1.14307
2025-04-22 21:18:47.759745,1.14232,1.14307
2025-04-22 21:18:48.267105,1.14232,1.14303
2025-04-22 21:19:05.332136,1.14228,1.14303
2025-04-22 21:19:05.819402,1.14232,1.14303
2025-04-22 21:19:06.829855,1.14228,1.14303
2025-04-22 21:19:10.821636,1.14229,1.14303
2025-04-22 21:19:18.829486,1.1423,1.14303
2025-04-22 21:19:24.339005,1.14234,1.14303
2025-04-22 21:19:56.885581,1.14235,1.14303
2025-04-22 21:20:14.384974,1.14235,1.1431
2025-04-22 21:20:18.391637,1.14239,1.14319
2025-04-22 21:20:21.889408,1.1424,1.1432
2025-04-22 21:21:11.967547,1.14235,1.14315
2025-04-22 21:22:51.096071,1.14234,1.14314
2025-04-22 21:22:51.589516,1.14235,1.14315
2025-04-22 21:23:06.110280,1.14236,1.14316
2025-04-22 21:23:14.623984,1.14238,1.14318
2025-04-22 21:23:15.625078,1.14233,1.14313
2025-04-22 21:24:14.195058,1.14231,1.14311
2025-04-22 21:24:30.727665,1.1423,1.1431
2025-04-22 21:24:31.732602,1.1426,1.1433
2025-04-22 21:24:40.236060,1.14237,1.14317
2025-04-22 21:24:43.738007,1.14236,1.14316
2025-04-22 21:24:47.752060,1.14235,1.14315
2025-04-22 21:24:49.243091,1.14236,1.14316
2025-04-22 21:24:49.743664,1.14235,1.14315
2025-04-22 21:24:50.253176,1.14234,1.14314
2025-04-22 21:24:54.750879,1.14235,1.14315
2025-04-22 21:24:55.253601,1.14234,1.14314
2025-04-22 21:24:58.250228,1.14237,1.14317
2025-04-22 21:24:59.253939,1.14234,1.14314
2025-04-22 21:25:03.246710,1.14233,1.14313
2025-04-22 21:25:06.242225,1.14234,1.14314
2025-04-22 21:25:14.754536,1.14233,1.14313
2025-04-22 21:25:19.741447,1.14234,1.14314
2025-04-22 21:25:20.250268,1.14233,1.14313
2025-04-22 21:25:21.254332,1.14234,1.14314
2025-04-22 21:25:25.259918,1.14233,1.14313
2025-04-22 21:25:29.276793,1.14234,1.14314
2025-04-22 21:25:33.781515,1.14233,1.14313
2025-04-22 21:25:34.776485,1.1423,1.1431
2025-04-22 21:25:35.282171,1.14231,1.14311
2025-04-22 21:25:37.283889,1.14234,1.14314
2025-04-22 21:25:39.786014,1.14235,1.14315
2025-04-22 21:25:40.284302,1.14234,1.14314
2025-04-22 21:25:42.278629,1.14235,1.14315
2025-04-22 21:25:52.305345,1.14215,1.14245
2025-04-22 21:25:52.801675,1.14217,1.14245
2025-04-22 21:25:53.805881,1.14218,1.14245
2025-04-22 21:25:54.316917,1.14217,1.14245
2025-04-22 21:25:58.307205,1.14218,1.14245
2025-04-22 21:25:59.811863,1.14214,1.14283
2025-04-22 21:26:02.808366,1.14218,1.14245
2025-04-22 21:26:07.813643,1.14217,1.14245
2025-04-22 21:26:09.307152,1.14215,1.14295
2025-04-22 21:26:09.810194,1.14209,1.14273
2025-04-22 21:26:10.303691,1.14217,1.14245
2025-04-22 21:26:11.316256,1.14206,1.14286
2025-04-22 21:26:12.811134,1.14217,1.14245
2025-04-22 21:26:14.310415,1.14214,1.14245
2025-04-22 21:26:14.805786,1.14205,1.14269
2025-04-22 21:26:15.319513,1.14215,1.14245
2025-04-22 21:26:18.310971,1.14217,1.14272
2025-04-22 21:26:45.820936,1.14214,1.14272
2025-04-22 21:26:46.835818,1.14215,1.14259
2025-04-22 21:26:52.327434,1.14198,1.14225
2025-04-22 21:26:53.825602,1.14205,1.14225
2025-04-22 21:26:54.828139,1.14206,1.14225
2025-04-22 21:26:55.328126,1.1419,1.14214
2025-04-22 21:26:56.829809,1.14183,1.14214
2025-04-22 21:27:00.340260,1.14187,1.14203
2025-04-22 21:27:01.345866,1.14187,1.14198
2025-04-22 21:27:01.850353,1.14175,1.14198
2025-04-22 21:27:02.349246,1.14179,1.14207
2025-04-22 21:27:04.337579,1.14179,1.14198
2025-04-22 21:27:05.350458,1.14185,1.14223
2025-04-22 21:27:06.845367,1.14185,1.14207
2025-04-22 21:27:08.844081,1.14182,1.14205
2025-04-22 21:27:11.338090,1.14183,1.14205
2025-04-22 21:27:15.360740,1.14183,1.14197
2025-04-22 21:27:15.853903,1.14179,1.14197
2025-04-22 21:27:16.350904,1.14178,1.14197
2025-04-22 21:27:16.854196,1.14173,1.14193
2025-04-22 21:27:18.853352,1.14176,1.14193
2025-04-22 21:27:19.864503,1.14178,1.14193
2025-04-22 21:27:20.365728,1.1418,1.14193
2025-04-22 21:27:23.360009,1.14181,1.14193
2025-04-22 21:27:24.356422,1.1418,1.14193
2025-04-22 21:27:25.867149,1.1418,1.14194
2025-04-22 21:27:27.368133,1.14173,1.14194
2025-04-22 21:27:28.384013,1.14174,1.14194
2025-04-22 21:27:29.389823,1.14175,1.14192
2025-04-22 21:27:29.887808,1.14168,1.14192
2025-04-22 21:27:30.890914,1.14167,1.14192
2025-04-22 21:27:33.385710,1.14167,1.14191
2025-04-22 21:27:33.889529,1.14163,1.14187
2025-04-22 21:27:35.396448,1.14162,1.14187
2025-04-22 21:27:36.382989,1.14157,1.14182
2025-04-22 21:27:36.894744,1.14163,1.14179
2025-04-22 21:27:39.901832,1.14168,1.14183
2025-04-22 21:27:42.911172,1.14168,1.14187
2025-04-22 21:27:43.904307,1.14169,1.14187
2025-04-22 21:27:59.417559,1.14164,1.14187
2025-04-22 21:28:04.923586,1.14163,1.14187
2025-04-22 21:28:05.919383,1.14162,1.14187
2025-04-22 21:28:08.415500,1.1416,1.14179
2025-04-22 21:28:11.949379,1.14149,1.14176
2025-04-22 21:28:12.452124,1.1415,1.1417
2025-04-22 21:28:12.957391,1.1415,1.14172
2025-04-22 21:28:13.946139,1.1415,1.14169
2025-04-22 21:28:14.450336,1.1415,1.14168
2025-04-22 21:28:15.954701,1.1415,1.14166
2025-04-22 21:28:16.451095,1.14145,1.14163
2025-04-22 21:28:16.956623,1.14145,1.14165
2025-04-22 21:28:17.949148,1.14146,1.1417
2025-04-22 21:28:18.454375,1.14146,1.14169
2025-04-22 21:28:20.459800,1.14146,1.14162
2025-04-22 21:28:21.957790,1.14146,1.1417
2025-04-22 21:28:23.455438,1.14144,1.14165
2025-04-22 21:28:23.956507,1.14141,1.14165
2025-04-22 21:28:24.947727,1.14141,1.14161
2025-04-22 21:28:25.449053,1.14141,1.1416
2025-04-22 21:28:28.448247,1.14139,1.1416
2025-04-22 21:28:30.455695,1.14138,1.1416
2025-04-22 21:28:32.449667,1.14137,1.1416
2025-04-22 21:28:34.457767,1.14136,1.1416
2025-04-22 21:28:36.450683,1.14148,1.1416
2025-04-22 21:28:37.945391,1.14146,1.14158
2025-04-22 21:28:39.954707,1.14146,1.14159
2025-04-22 21:28:40.951787,1.14146,1.14158
2025-04-22 21:28:41.945979,1.1412,1.14148
2025-04-22 21:28:42.450178,1.1412,1.14146
2025-04-22 21:28:42.949157,1.1413,1.14146
2025-04-22 21:28:43.457721,1.14131,1.14143
2025-04-22 21:28:45.452368,1.1413,1.14143
2025-04-22 21:28:45.962500,1.14146,1.14154
2025-04-22 21:28:46.977781,1.14136,1.14151
2025-04-22 21:28:47.487226,1.14136,1.14148
2025-04-22 21:28:49.476846,1.14136,1.1415
2025-04-22 21:28:49.980878,1.14136,1.14147
2025-04-22 21:28:52.991381,1.14136,1.14149
2025-04-22 21:28:53.484169,1.14136,1.14151
2025-04-22 21:28:53.985260,1.14136,1.14149
2025-04-22 21:28:54.989985,1.14136,1.1415
2025-04-22 21:28:56.488955,1.14136,1.14149
2025-04-22 21:28:58.498873,1.14136,1.14148
2025-04-22 21:28:59.504170,1.14136,1.14149
2025-04-22 21:29:00.006289,1.14131,1.14147
2025-04-22 21:29:00.504691,1.14131,1.14146
2025-04-22 21:29:00.999076,1.14131,1.14147
2025-04-22 21:29:01.498092,1.14131,1.14141
2025-04-22 21:29:01.993159,1.14118,1.14145
2025-04-22 21:29:02.491554,1.14113,1.14144
2025-04-22 21:29:03.006033,1.14117,1.14142
2025-04-22 21:29:03.507237,1.14131,1.14139
2025-04-22 21:29:03.992764,1.1412,1.14143
2025-04-22 21:29:04.491178,1.14131,1.14144
2025-04-22 21:29:04.994627,1.14109,1.14132
2025-04-22 21:29:06.015819,1.14108,1.14127
2025-04-22 21:29:07.011121,1.14103,1.14127
2025-04-22 21:29:08.008216,1.14088,1.14118
2025-04-22 21:29:09.012133,1.14089,1.14113
2025-04-22 21:29:10.514512,1.14088,1.14108
2025-04-22 21:29:11.516429,1.14082,1.14121
2025-04-22 21:29:12.521188,1.14083,1.1411
2025-04-22 21:29:15.510261,1.14078,1.14109
2025-04-22 21:29:17.027928,1.14078,1.1411
2025-04-22 21:29:19.038741,1.14077,1.14109
2025-04-22 21:29:22.065835,1.14077,1.14104
2025-04-22 21:29:26.060037,1.14075,1.141
2025-04-22 21:29:26.556981,1.14075,1.14093
2025-04-22 21:29:27.067292,1.14075,1.14094
2025-04-22 21:29:28.562709,1.14075,1.14093
2025-04-22 21:29:30.560351,1.14075,1.14094
2025-04-22 21:29:33.570217,1.14078,1.14094
2025-04-22 21:29:34.558996,1.14078,1.14096
2025-04-22 21:29:35.060137,1.14078,1.14093
2025-04-22 21:29:36.062897,1.14078,1.14094
2025-04-22 21:29:37.556865,1.14078,1.14093
2025-04-22 21:29:39.564446,1.14078,1.14095
2025-04-22 21:29:40.058107,1.1408,1.14094
2025-04-22 21:29:41.066760,1.14075,1.14094
2025-04-22 21:29:42.061040,1.14075,1.14097
2025-04-22 21:29:43.066198,1.14076,1.14103
2025-04-22 21:29:48.561759,1.14075,1.14099
2025-04-22 21:30:07.563491,1.14073,1.14099
2025-04-22 21:30:08.056354,1.1407,1.14099
2025-04-22 21:30:13.097471,1.14064,1.14089
2025-04-22 21:30:22.129470,1.1406,1.14086
2025-04-22 21:30:22.632879,1.14054,1.14082
2025-04-22 21:30:23.133497,1.14054,1.14083
2025-04-22 21:30:24.144258,1.14054,1.14084
2025-04-22 21:30:25.643083,1.14054,1.14082
2025-04-22 21:30:26.638575,1.14053,1.14083
2025-04-22 21:30:27.140721,1.14053,1.1408
2025-04-22 21:30:28.654993,1.14053,1.14078
2025-04-22 21:30:32.152244,1.1405,1.14078
2025-04-22 21:30:39.174989,1.14049,1.14078
2025-04-22 21:30:39.672357,1.14048,1.14078
2025-04-22 21:30:40.670382,1.14047,1.14078
2025-04-22 21:30:43.177242,1.14046,1.14078
2025-04-22 21:30:43.676379,1.14046,1.14075
2025-04-22 21:30:45.179913,1.14044,1.14078
2025-04-22 21:30:45.688062,1.14037,1.14075
2025-04-22 21:30:46.189915,1.14037,1.14073
2025-04-22 21:30:48.186585,1.14036,1.14073
2025-04-22 21:30:49.680498,1.14033,1.14075
2025-04-22 21:30:50.188204,1.1403,1.14072
2025-04-22 21:30:51.179772,1.1403,1.14071
2025-04-22 21:30:51.689587,1.1403,1.14062
2025-04-22 21:30:52.197512,1.1403,1.14064
2025-04-22 21:30:52.710877,1.1403,1.14063
2025-04-22 21:30:53.712902,1.1403,1.14061
2025-04-22 21:30:55.217423,1.14032,1.14063
2025-04-22 21:30:55.716215,1.14028,1.1406
2025-04-22 21:30:57.728622,1.14028,1.14061
2025-04-22 21:31:03.240835,1.14028,1.14059
2025-04-22 21:31:07.739072,1.14028,1.14058
2025-04-22 21:31:12.739467,1.14022,1.14058
2025-04-22 21:31:15.233894,1.14023,1.14058
2025-04-22 21:31:15.738127,1.14021,1.14054
2025-04-22 21:31:16.730808,1.14021,1.14053
2025-04-22 21:31:17.232180,1.14011,1.14042
2025-04-22 21:31:19.226000,1.14012,1.14037
2025-04-22 21:31:21.233470,1.14012,1.14041
2025-04-22 21:31:21.734890,1.14012,1.14037
2025-04-22 21:31:22.236577,1.14012,1.14034
2025-04-22 21:31:23.229604,1.1401,1.14034
2025-04-22 21:31:25.233364,1.1401,1.14032
2025-04-22 21:31:25.729578,1.1401,1.14035
2025-04-22 21:31:27.228115,1.1401,1.14036
2025-04-22 21:31:29.225819,1.14015,1.14032
2025-04-22 21:31:35.742417,1.14018,1.14044
2025-04-22 21:31:37.762562,1.14019,1.14049
2025-04-22 21:31:41.761523,1.14018,1.14049
2025-04-22 21:31:42.768821,1.14017,1.14049
2025-04-22 21:31:44.760200,1.14018,1.14049
2025-04-22 21:31:47.795969,1.14017,1.14049
2025-04-22 21:31:49.794156,1.14016,1.14049
2025-04-22 21:31:50.296741,1.14014,1.1403
2025-04-22 21:31:50.791591,1.14014,1.14033
2025-04-22 21:31:51.293089,1.14015,1.14036
2025-04-22 21:31:52.297353,1.14015,1.14049
2025-04-22 21:31:53.799011,1.14017,1.14049
2025-04-22 21:31:55.796058,1.14017,1.14036
2025-04-22 21:31:57.296884,1.14018,1.14036
2025-04-22 21:31:57.792166,1.14013,1.14039
2025-04-22 21:31:58.291469,1.14013,1.14035
2025-04-22 21:31:58.791463,1.14013,1.14036
2025-04-22 21:32:03.795665,1.14013,1.14035
2025-04-22 21:32:07.304040,1.14013,1.14036
2025-04-22 21:32:07.794456,1.14013,1.14035
2025-04-22 21:32:09.794073,1.14019,1.14035
2025-04-22 21:32:11.300666,1.14019,1.14036
2025-04-22 21:32:11.798898,1.14016,1.14036
2025-04-22 21:32:17.291202,1.14016,1.14035
2025-04-22 21:32:18.303727,1.14016,1.14036
2025-04-22 21:32:18.802824,1.14017,1.14036
2025-04-22 21:32:21.292725,1.14012,1.1403
2025-04-22 21:32:33.306617,1.14011,1.1403
2025-04-22 21:32:33.820896,1.1401,1.1403
2025-04-22 21:32:37.333862,1.1402,1.14051
2025-04-22 21:32:40.829043,1.14018,1.14042
2025-04-22 21:32:41.328564,1.14017,1.14043
2025-04-22 21:32:42.328543,1.14015,1.1404
2025-04-22 21:32:45.323803,1.14012,1.14035
2025-04-22 21:32:45.819757,1.14002,1.14021
2025-04-22 21:32:46.325142,1.13974,1.14001
2025-04-22 21:32:46.830618,1.13945,1.13992
2025-04-22 21:32:49.889111,1.13946,1.13978
2025-04-22 21:32:50.385982,1.13914,1.13956
2025-04-22 21:32:51.384437,1.1391,1.13955
2025-04-22 21:32:51.885648,1.13908,1.13957
2025-04-22 21:32:55.889246,1.13909,1.13957
2025-04-22 21:32:56.385255,1.13915,1.13957
2025-04-22 21:32:57.886143,1.13915,1.13947
2025-04-22 21:33:01.382843,1.13905,1.13943
2025-04-22 21:33:02.393422,1.13904,1.13943
2025-04-22 21:33:04.392122,1.13903,1.13943
2025-04-22 21:33:05.896230,1.13904,1.13943
2025-04-22 21:33:08.409217,1.13915,1.13948
2025-04-22 21:33:10.401633,1.13909,1.13922
2025-04-22 21:33:10.904869,1.13905,1.13942
2025-04-22 21:33:12.432489,1.13905,1.13944
2025-04-22 21:33:13.441551,1.13885,1.13937
2025-04-22 21:33:13.934657,1.13896,1.13937
2025-04-22 21:33:14.442651,1.13899,1.13937
2025-04-22 21:33:15.933684,1.13897,1.13937
2025-04-22 21:33:16.432831,1.13898,1.13937
2025-04-22 21:33:18.438190,1.13897,1.13928
2025-04-22 21:33:19.930437,1.13895,1.13928
2025-04-22 21:33:20.930104,1.13905,1.13932
2025-04-22 21:33:22.455266,1.13905,1.1393
2025-04-22 21:33:22.947911,1.13905,1.13932
2025-04-22 21:33:23.952526,1.13895,1.13927
2025-04-22 21:33:25.977509,1.13895,1.13926
2025-04-22 21:33:26.478688,1.13895,1.13927
2025-04-22 21:33:26.991540,1.13895,1.13923
2025-04-22 21:33:27.481305,1.13895,1.13924
2025-04-22 21:33:27.993002,1.13895,1.13927
2025-04-22 21:33:29.504420,1.1389,1.13919
2025-04-22 21:33:30.004927,1.13876,1.13918
2025-04-22 21:33:33.503043,1.13877,1.13918
2025-04-22 21:33:33.992913,1.13877,1.13919
2025-04-22 21:33:34.502721,1.13877,1.13926
2025-04-22 21:33:34.995559,1.13877,1.13918
2025-04-22 21:33:35.499984,1.13875,1.13918
2025-04-22 21:33:35.995405,1.13877,1.1392
2025-04-22 21:33:36.493071,1.13878,1.1392
2025-04-22 21:33:39.519548,1.13881,1.1392
2025-04-22 21:33:41.012976,1.13877,1.13919
2025-04-22 21:33:43.520496,1.13878,1.1392
2025-04-22 21:33:44.510249,1.13879,1.13918
2025-04-22 21:33:45.012340,1.13878,1.13918
2025-04-22 21:33:45.518076,1.13878,1.13917
2025-04-22 21:33:46.016869,1.13878,1.13919
2025-04-22 21:33:46.520111,1.13878,1.13917
2025-04-22 21:33:47.010776,1.13878,1.13916
2025-04-22 21:33:49.017197,1.13878,1.13913
2025-04-22 21:33:50.014810,1.13877,1.13913
2025-04-22 21:33:50.513197,1.13876,1.13913
2025-04-22 21:33:51.510526,1.13876,1.13916
2025-04-22 21:33:52.520926,1.13876,1.13917
2025-04-22 21:33:54.019037,1.13876,1.13915
2025-04-22 21:33:54.523211,1.13876,1.13909
2025-04-22 21:33:56.520478,1.13876,1.13911
2025-04-22 21:34:01.020715,1.13876,1.13907
2025-04-22 21:34:01.518297,1.13876,1.13908
2025-04-22 21:34:02.515343,1.13876,1.13907
2025-04-22 21:34:03.515738,1.13876,1.13908
2025-04-22 21:34:04.007799,1.13876,1.13907
2025-04-22 21:34:05.020394,1.13876,1.13908
2025-04-22 21:34:05.521170,1.13876,1.13907
2025-04-22 21:34:11.527548,1.13876,1.13906
2025-04-22 21:34:15.526375,1.13876,1.13905
2025-04-22 21:34:16.027348,1.13876,1.13906
2025-04-22 21:34:18.551605,1.13876,1.13905
2025-04-22 21:34:20.039694,1.13876,1.13906
2025-04-22 21:34:21.551460,1.13876,1.13905
2025-04-22 21:34:22.543592,1.13876,1.13907
2025-04-22 21:34:24.040308,1.13878,1.13905
2025-04-22 21:34:28.541407,1.13878,1.13902
2025-04-22 21:34:31.543207,1.13878,1.13899
2025-04-22 21:34:35.054412,1.13875,1.13897
2025-04-22 21:34:40.039623,1.13826,1.13873
2025-04-22 21:34:41.039545,1.1383,1.13873
2025-04-22 21:34:41.554717,1.13828,1.13873
2025-04-22 21:34:43.567660,1.13829,1.13873
2025-04-22 21:34:44.556207,1.13827,1.13873
2025-04-22 21:34:45.066469,1.13827,1.13871
2025-04-22 21:34:46.068836,1.13827,1.13869
2025-04-22 21:34:47.070182,1.13828,1.13871
2025-04-22 21:34:49.058675,1.13829,1.13868
2025-04-22 21:34:50.059692,1.13829,1.13867
2025-04-22 21:34:51.060642,1.13852,1.13867
2025-04-22 21:34:51.559576,1.13852,1.13874
2025-04-22 21:34:52.567450,1.13852,1.13872
2025-04-22 21:34:53.068775,1.1383,1.13867
2025-04-22 21:34:54.064447,1.13829,1.13869
2025-04-22 21:34:55.559229,1.13829,1.13865
2025-04-22 21:34:56.058523,1.13829,1.13858
2025-04-22 21:34:57.581584,1.13833,1.13853
2025-04-22 21:34:58.078776,1.13833,1.13858
2025-04-22 21:34:58.577188,1.1383,1.13854
2025-04-22 21:34:59.076191,1.13825,1.13843
2025-04-22 21:35:00.074516,1.1382,1.13841
2025-04-22 21:35:00.575903,1.1382,1.13839
2025-04-22 21:35:01.071839,1.13823,1.13841
2025-04-22 21:35:01.572438,1.13816,1.1384
2025-04-22 21:35:02.571764,1.13816,1.13839
2025-04-22 21:35:03.073965,1.13806,1.13834
2025-04-22 21:35:03.571606,1.13796,1.13832
2025-04-22 21:35:04.575513,1.13795,1.1383
2025-04-22 21:35:05.575839,1.13803,1.13833
2025-04-22 21:35:06.071624,1.13801,1.13833
2025-04-22 21:35:08.090120,1.13803,1.13832
2025-04-22 21:35:11.586124,1.13803,1.13828
2025-04-22 21:35:12.600615,1.13801,1.13824
2025-04-22 21:35:15.088905,1.13799,1.13824
2025-04-22 21:35:15.589660,1.13802,1.13829
2025-04-22 21:35:16.088719,1.13794,1.1382
2025-04-22 21:35:18.088280,1.13794,1.13819
2025-04-22 21:35:19.087186,1.13813,1.13821
2025-04-22 21:35:19.589466,1.13818,1.13829
2025-04-22 21:35:26.115409,1.13818,1.13831
2025-04-22 21:35:30.110468,1.13818,1.1383
2025-04-22 21:35:31.603223,1.13798,1.13818
2025-04-22 21:35:32.102770,1.13798,1.13814
2025-04-22 21:35:33.110322,1.13795,1.13814
2025-04-22 21:35:33.608236,1.138,1.13816
2025-04-22 21:35:37.102585,1.13795,1.13815
2025-04-22 21:35:37.615893,1.13795,1.13817
2025-04-22 21:35:38.611524,1.13795,1.13813
2025-04-22 21:35:39.110384,1.13798,1.13817
2025-04-22 21:35:39.605050,1.13795,1.13813
2025-04-22 21:35:40.617703,1.13795,1.13815
2025-04-22 21:35:42.612586,1.13795,1.13813
2025-04-22 21:35:43.116895,1.13795,1.13815
2025-04-22 21:35:44.134582,1.13795,1.13812
2025-04-22 21:35:44.635847,1.13798,1.13813
2025-04-22 21:35:48.137435,1.13795,1.13814
2025-04-22 21:35:59.148833,1.13795,1.13813
2025-04-22 21:35:59.648924,1.13793,1.13813
2025-04-22 21:36:03.172794,1.13795,1.13812
2025-04-22 21:36:07.175374,1.13768,1.13801
2025-04-22 21:36:07.665044,1.13768,1.13797
2025-04-22 21:36:08.669785,1.13761,1.13797
2025-04-22 21:36:09.172887,1.13761,1.13796
2025-04-22 21:36:10.177814,1.13762,1.13796
2025-04-22 21:36:11.168260,1.13763,1.13796
2025-04-22 21:36:12.169254,1.13763,1.13797
2025-04-22 21:36:13.174897,1.13763,1.13795
2025-04-22 21:36:14.170933,1.13763,1.13796
2025-04-22 21:36:14.670394,1.13761,1.13796
2025-04-22 21:36:15.170677,1.13763,1.13794
2025-04-22 21:36:16.672293,1.13763,1.13797
2025-04-22 21:36:17.174136,1.13763,1.13794
2025-04-22 21:36:17.670825,1.13761,1.13789
2025-04-22 21:36:18.165194,1.13761,1.13785
2025-04-22 21:36:18.673976,1.13761,1.13788
2025-04-22 21:36:19.171897,1.13761,1.13793
2025-04-22 21:36:19.671030,1.13763,1.13794
2025-04-22 21:36:21.674022,1.13766,1.1379
2025-04-22 21:36:23.169438,1.13766,1.13794
2025-04-22 21:36:23.668579,1.13766,1.13791
2025-04-22 21:36:24.168901,1.13766,1.13789
2025-04-22 21:36:26.177418,1.13766,1.13787
2025-04-22 21:36:27.174866,1.13762,1.13787
2025-04-22 21:36:28.675892,1.13768,1.13789
2025-04-22 21:36:31.169358,1.13768,1.1379
2025-04-22 21:36:35.723416,1.13773,1.13791
2025-04-22 21:36:36.724669,1.13761,1.13788
2025-04-22 21:36:38.228650,1.13761,1.13787
2025-04-22 21:36:39.226590,1.13761,1.13789
2025-04-22 21:36:39.740230,1.13728,1.13779
2025-04-22 21:36:40.239242,1.13728,1.13774
2025-04-22 21:36:40.727184,1.13721,1.13774
2025-04-22 21:36:41.228401,1.13718,1.13774
2025-04-22 21:36:43.231699,1.13717,1.13774
2025-04-22 21:36:44.732963,1.13713,1.13758
2025-04-22 21:36:45.231471,1.13724,1.13778
2025-04-22 21:36:47.243351,1.13726,1.13781
2025-04-22 21:36:47.749189,1.13728,1.13781
2025-04-22 21:36:48.752688,1.13726,1.13781
2025-04-22 21:36:49.256193,1.13725,1.13781
2025-04-22 21:36:49.751221,1.13725,1.13763
2025-04-22 21:36:51.245181,1.13702,1.13756
2025-04-22 21:36:53.746120,1.13698,1.13748
2025-04-22 21:36:54.247313,1.13701,1.13748
2025-04-22 21:36:55.255658,1.13701,1.13736
2025-04-22 21:36:55.756494,1.13681,1.13736
2025-04-22 21:36:56.256962,1.13683,1.1374
2025-04-22 21:36:57.256721,1.13696,1.13758
2025-04-22 21:36:59.269763,1.13696,1.13752
2025-04-22 21:37:00.260252,1.137,1.13754
2025-04-22 21:37:00.761501,1.137,1.13744
2025-04-22 21:37:01.772188,1.137,1.13742
2025-04-22 21:37:02.271940,1.13698,1.13742
2025-04-22 21:37:02.769508,1.137,1.13746
2025-04-22 21:37:03.261026,1.137,1.13755
2025-04-22 21:37:03.762441,1.137,1.13749
2025-04-22 21:37:04.758994,1.13703,1.1375
2025-04-22 21:37:05.270796,1.13703,1.13752
2025-04-22 21:37:05.767929,1.13703,1.13753
2025-04-22 21:37:06.770277,1.13703,1.13757
2025-04-22 21:37:07.269515,1.13701,1.13757
2025-04-22 21:37:07.768965,1.13701,1.13747
2025-04-22 21:37:08.272344,1.13699,1.13747
2025-04-22 21:37:08.757892,1.13698,1.13746
2025-04-22 21:37:09.270939,1.137,1.13743
2025-04-22 21:37:09.759877,1.137,1.13741
2025-04-22 21:37:10.267956,1.137,1.13743
2025-04-22 21:37:10.768248,1.137,1.13745
2025-04-22 21:37:11.267704,1.13676,1.13715
2025-04-22 21:37:11.759966,1.13716,1.13742
2025-04-22 21:37:12.265701,1.13723,1.13741
2025-04-22 21:37:12.763383,1.13723,1.1374
2025-04-22 21:37:13.259044,1.13729,1.13737
2025-04-22 21:37:13.769606,1.1373,1.13744
2025-04-22 21:37:14.771388,1.13731,1.13739
2025-04-22 21:37:15.259463,1.13729,1.13737
2025-04-22 21:37:15.773149,1.1373,1.13738
2025-04-22 21:37:16.779067,1.13729,1.13737
2025-04-22 21:37:17.774890,1.13727,1.13735
2025-04-22 21:37:18.274397,1.13728,1.13736
2025-04-22 21:37:18.774694,1.13727,1.13735
2025-04-22 21:37:19.779548,1.13726,1.13734
2025-04-22 21:37:20.782833,1.13725,1.13733
2025-04-22 21:37:21.289926,1.13729,1.13737
2025-04-22 21:37:21.802496,1.13729,1.13739
2025-04-22 21:37:22.298571,1.13731,1.13739
2025-04-22 21:37:23.289443,1.13731,1.13741
2025-04-22 21:37:28.820074,1.13732,1.1374
2025-04-22 21:37:29.313603,1.13731,1.13739
2025-04-22 21:37:30.307571,1.13733,1.13741
2025-04-22 21:37:33.318485,1.1374,1.13748
2025-04-22 21:37:34.807369,1.13741,1.13749
2025-04-22 21:37:35.304910,1.13738,1.13746
2025-04-22 21:37:36.306142,1.13741,1.13749
2025-04-22 21:37:37.805557,1.13742,1.13752
2025-04-22 21:37:39.315810,1.13743,1.13751
2025-04-22 21:37:39.821256,1.13742,1.1375
2025-04-22 21:37:40.323346,1.13743,1.13751
2025-04-22 21:37:40.836404,1.13742,1.1375
2025-04-22 21:37:41.344893,1.13744,1.13759
2025-04-22 21:37:41.842215,1.1374,1.1375
2025-04-22 21:37:42.849826,1.13748,1.13784
2025-04-22 21:37:43.839386,1.13748,1.13786
2025-04-22 21:37:45.336666,1.13748,1.13784
2025-04-22 21:37:46.338628,1.13732,1.1374
2025-04-22 21:37:47.350642,1.13733,1.13741
2025-04-22 21:37:50.862766,1.13736,1.13744
2025-04-22 21:37:51.356316,1.13752,1.13773
2025-04-22 21:37:51.864734,1.13746,1.13773
2025-04-22 21:37:52.877079,1.13757,1.13782
2025-04-22 21:37:53.381827,1.13757,1.13793
2025-04-22 21:37:53.870851,1.13757,1.13792
2025-04-22 21:37:54.377494,1.13757,1.13797
2025-04-22 21:37:55.379499,1.13757,1.13796
2025-04-22 21:37:56.881161,1.13736,1.13796
2025-04-22 21:37:57.380543,1.13736,1.13795
2025-04-22 21:37:58.869298,1.13736,1.13802
2025-04-22 21:37:59.872921,1.13736,1.13801
2025-04-22 21:38:00.873863,1.13736,1.13799
2025-04-22 21:38:02.372340,1.13736,1.13798
2025-04-22 21:38:03.375318,1.13736,1.13796
2025-04-22 21:38:03.875745,1.13736,1.13795
2025-04-22 21:38:04.375925,1.13736,1.13796
2025-04-22 21:38:04.878615,1.13736,1.13797
2025-04-22 21:38:05.377389,1.13755,1.138
2025-04-22 21:38:06.871713,1.13732,1.13789
2025-04-22 21:38:07.369356,1.13729,1.13791
2025-04-22 21:38:07.872910,1.13729,1.13792
2025-04-22 21:38:09.368550,1.13725,1.13805
2025-04-22 21:38:11.381468,1.13721,1.13797
2025-04-22 21:38:11.868506,1.13752,1.13832
2025-04-22 21:38:12.367593,1.13753,1.13833
2025-04-22 21:38:12.867718,1.13754,1.13834
2025-04-22 21:38:13.375019,1.13755,1.13835
2025-04-22 21:38:13.875313,1.13754,1.13834
2025-04-22 21:38:14.373123,1.13788,1.13868
2025-04-22 21:38:14.874859,1.13784,1.13864
2025-04-22 21:38:15.876880,1.13783,1.13863
2025-04-22 21:38:16.871716,1.13781,1.13813
2025-04-22 21:38:17.374307,1.13776,1.13797
2025-04-22 21:38:17.867965,1.13776,1.13796
2025-04-22 21:38:18.380501,1.13776,1.13797
2025-04-22 21:38:18.878278,1.13776,1.13795
2025-04-22 21:38:19.368137,1.13774,1.13798
2025-04-22 21:38:19.872769,1.13774,1.13794
2025-04-22 21:38:20.375711,1.13774,1.13796
2025-04-22 21:38:20.873720,1.13772,1.13796
2025-04-22 21:38:21.371345,1.13772,1.13793
2025-04-22 21:38:22.372965,1.13773,1.13786
2025-04-22 21:38:23.375388,1.13729,1.13785
2025-04-22 21:38:26.396727,1.13729,1.13783
2025-04-22 21:38:27.394036,1.13745,1.13782
2025-04-22 21:38:29.392351,1.13746,1.13782
2025-04-22 21:38:34.882923,1.13738,1.1379
2025-04-22 21:38:36.404087,1.13729,1.13785
2025-04-22 21:38:37.905393,1.13732,1.13787
2025-04-22 21:38:39.900441,1.13734,1.13785
2025-04-22 21:38:40.399862,1.13734,1.13793
2025-04-22 21:38:40.901475,1.1374,1.13793
2025-04-22 21:38:41.397444,1.13733,1.13785
2025-04-22 21:38:45.419760,1.13733,1.13783
2025-04-22 21:38:45.922494,1.13733,1.13784
2025-04-22 21:38:48.423924,1.13746,1.13783
2025-04-22 21:38:49.423609,1.13746,1.1378
2025-04-22 21:38:50.417721,1.13746,1.13781
2025-04-22 21:38:50.923994,1.13746,1.1378
2025-04-22 21:38:51.424119,1.13746,1.13781
2025-04-22 21:38:53.917730,1.13746,1.13777
2025-04-22 21:38:55.429203,1.13746,1.1378
2025-04-22 21:38:55.929268,1.13746,1.13781
2025-04-22 21:38:58.421915,1.13746,1.1378
2025-04-22 21:38:58.920563,1.13746,1.13783
2025-04-22 21:38:59.428247,1.13746,1.13782
2025-04-22 21:39:01.944025,1.13746,1.13781
2025-04-22 21:39:03.441926,1.13756,1.13811
2025-04-22 21:39:04.429830,1.13756,1.1381
2025-04-22 21:39:05.932700,1.13756,1.13816
2025-04-22 21:39:06.934793,1.13755,1.13816
2025-04-22 21:39:07.937126,1.13752,1.13814
2025-04-22 21:39:09.932835,1.13763,1.13842
2025-04-22 21:39:10.435366,1.13765,1.13845
2025-04-22 21:39:10.936286,1.13761,1.13841
2025-04-22 21:39:11.945604,1.13762,1.13842
2025-04-22 21:39:12.458537,1.13764,1.13844
2025-04-22 21:39:13.459648,1.13767,1.13847
2025-04-22 21:39:14.456651,1.13765,1.13845
2025-04-22 21:39:15.451791,1.13763,1.13842
2025-04-22 21:39:15.950637,1.13789,1.13869
2025-04-22 21:39:16.952798,1.13791,1.13871
2025-04-22 21:39:17.971525,1.13782,1.13862
2025-04-22 21:39:18.471953,1.13781,1.13861
2025-04-22 21:39:18.974621,1.13782,1.13862
2025-04-22 21:39:19.961312,1.13779,1.13859
2025-04-22 21:39:20.474623,1.13786,1.13866
2025-04-22 21:39:20.973749,1.13787,1.13867
2025-04-22 21:39:21.472368,1.13779,1.13859
2025-04-22 21:39:22.470890,1.1378,1.1386
2025-04-22 21:39:23.962030,1.1379,1.1387
2025-04-22 21:39:25.463563,1.13789,1.13869
2025-04-22 21:39:25.974918,1.13788,1.13868
2025-04-22 21:39:26.482366,1.13792,1.13872
2025-04-22 21:39:26.988046,1.13791,1.13871
2025-04-22 21:39:27.987341,1.1379,1.1387
2025-04-22 21:39:28.490090,1.13789,1.13869
2025-04-22 21:39:36.985634,1.13788,1.13868
2025-04-22 21:39:38.477726,1.13789,1.13869
2025-04-22 21:39:41.479661,1.13787,1.13867
2025-04-22 21:39:42.485221,1.13786,1.13866
2025-04-22 21:39:42.989789,1.13784,1.13864
2025-04-22 21:39:44.477925,1.13785,1.13865
2025-04-22 21:39:46.477929,1.13783,1.13863
2025-04-22 21:39:47.484440,1.13786,1.13866
2025-04-22 21:39:48.979114,1.13784,1.13864
2025-04-22 21:39:49.482783,1.13787,1.13867
2025-04-22 21:39:49.982563,1.13789,1.13869
2025-04-22 21:39:50.480513,1.13787,1.13867
2025-04-22 21:39:51.483464,1.13786,1.13866
2025-04-22 21:39:51.988695,1.13787,1.13867
2025-04-22 21:39:53.996493,1.13786,1.13866
2025-04-22 21:39:54.496888,1.13787,1.13867
2025-04-22 21:40:00.501876,1.13789,1.13869
2025-04-22 21:40:01.998077,1.13788,1.13868
2025-04-22 21:40:03.492218,1.13789,1.13869
2025-04-22 21:40:04.993321,1.13785,1.13865
2025-04-22 21:40:06.497175,1.13786,1.13866
2025-04-22 21:40:07.001935,1.13785,1.13865
2025-04-22 21:40:07.993322,1.13783,1.13863
2025-04-22 21:40:09.504922,1.13782,1.13862
2025-04-22 21:40:15.007065,1.1378,1.1386
2025-04-22 21:40:18.999544,1.13781,1.13861
2025-04-22 21:40:19.997271,1.13788,1.13868
2025-04-22 21:40:22.502262,1.13789,1.13869
2025-04-22 21:40:24.004176,1.13788,1.13868
2025-04-22 21:40:27.504871,1.13787,1.13867
2025-04-22 21:40:31.496967,1.13788,1.13868
2025-04-22 21:40:34.993922,1.13787,1.13867
2025-04-22 21:40:42.496047,1.13785,1.13865
2025-04-22 21:40:47.494820,1.13786,1.13866
2025-04-22 21:40:50.497635,1.13779,1.13831
2025-04-22 21:40:55.002898,1.13777,1.13831
2025-04-22 21:41:01.494258,1.13768,1.13819
2025-04-22 21:41:23.532374,1.13766,1.13819
2025-04-22 21:41:25.037934,1.13768,1.13812
2025-04-22 21:41:26.031451,1.13805,1.13813
2025-04-22 21:41:26.533874,1.13806,1.13814
2025-04-22 21:41:27.026660,1.13768,1.13814
2025-04-22 21:41:28.023495,1.13773,1.13812
2025-04-22 21:41:28.525552,1.13773,1.13821
2025-04-22 21:41:30.535709,1.13773,1.13817
2025-04-22 21:41:32.548794,1.13773,1.13826
2025-04-22 21:41:36.550941,1.13773,1.13823
2025-04-22 21:41:38.040852,1.13773,1.13824
2025-04-22 21:41:49.550957,1.13773,1.13826
2025-04-22 21:41:59.569750,1.13775,1.1383
2025-04-22 21:42:00.081944,1.13775,1.13828
2025-04-22 21:42:00.571908,1.13775,1.13821
2025-04-22 21:42:01.085568,1.13775,1.13826
2025-04-22 21:42:02.070655,1.13775,1.13823
2025-04-22 21:42:02.580274,1.13775,1.13822
2025-04-22 21:42:03.574635,1.13775,1.13821
2025-04-22 21:42:04.075809,1.13775,1.13814
2025-04-22 21:42:05.584113,1.1378,1.13815
2025-04-22 21:42:07.079280,1.13804,1.13814
2025-04-22 21:42:07.578283,1.13808,1.1382
2025-04-22 21:42:08.076071,1.13804,1.13819
2025-04-22 21:42:09.586404,1.13804,1.1382
2025-04-22 21:42:10.585703,1.13804,1.13818
2025-04-22 21:42:11.615288,1.13804,1.1382
2025-04-22 21:42:12.112292,1.13813,1.13821
2025-04-22 21:42:12.610891,1.13807,1.13822
2025-04-22 21:42:13.101969,1.13807,1.13819
2025-04-22 21:42:14.106777,1.13807,1.13822
2025-04-22 21:42:14.616092,1.13813,1.13821
2025-04-22 21:42:15.102619,1.13805,1.1382
2025-04-22 21:42:15.614714,1.13805,1.13821
2025-04-22 21:42:16.102544,1.13805,1.1382
2025-04-22 21:42:17.112809,1.13796,1.13821
2025-04-22 21:42:17.610451,1.13796,1.13819
2025-04-22 21:42:19.112829,1.13796,1.1382
2025-04-22 21:42:20.602788,1.13796,1.13819
2025-04-22 21:42:24.114843,1.13788,1.13811
2025-04-22 21:42:24.601679,1.13788,1.13812
2025-04-22 21:42:25.102867,1.13788,1.1381
2025-04-22 21:42:28.629720,1.13783,1.13807
2025-04-22 21:42:29.122747,1.13783,1.13805
2025-04-22 21:42:29.624131,1.13789,1.13805
2025-04-22 21:42:30.125064,1.13789,1.13811
2025-04-22 21:42:30.626791,1.13789,1.1381
2025-04-22 21:42:33.127412,1.13785,1.13807
2025-04-22 21:42:34.619158,1.13785,1.13806
2025-04-22 21:42:36.119627,1.13785,1.13808
2025-04-22 21:42:37.631313,1.13783,1.13807
2025-04-22 21:42:38.626903,1.13783,1.13806
2025-04-22 21:42:40.130322,1.13783,1.13807
2025-04-22 21:42:40.628707,1.13784,1.13807
2025-04-22 21:42:41.122185,1.13784,1.13804
2025-04-22 21:42:41.621089,1.13797,1.13805
2025-04-22 21:42:42.620481,1.13795,1.13803
2025-04-22 21:42:43.627731,1.13796,1.13804
2025-04-22 21:42:47.117623,1.13789,1.13801
2025-04-22 21:42:49.133067,1.1379,1.13805
2025-04-22 21:42:49.623047,1.13791,1.13804
2025-04-22 21:42:51.120724,1.13792,1.13804
2025-04-22 21:42:51.626783,1.13797,1.13805
2025-04-22 21:42:52.120861,1.13791,1.13804
2025-04-22 21:42:52.630257,1.13789,1.13806
2025-04-22 21:42:55.126510,1.13789,1.13805
2025-04-22 21:42:56.132092,1.1379,1.13805
2025-04-22 21:42:58.624184,1.13791,1.13805
2025-04-22 21:43:03.124008,1.13792,1.13805
2025-04-22 21:43:04.119404,1.13792,1.13801
2025-04-22 21:43:06.134484,1.13791,1.13801
2025-04-22 21:43:13.136047,1.13787,1.13803
2025-04-22 21:43:13.639441,1.13799,1.13865
2025-04-22 21:43:14.141089,1.13799,1.13851
2025-04-22 21:43:15.145961,1.13792,1.13838
2025-04-22 21:43:15.635453,1.13792,1.13836
2025-04-22 21:43:16.144552,1.13779,1.13838
2025-04-22 21:43:19.646019,1.13785,1.13844
2025-04-22 21:43:20.138376,1.13779,1.13838
2025-04-22 21:43:25.651823,1.13784,1.13818
2025-04-22 21:43:26.152985,1.13776,1.13824
2025-04-22 21:43:30.161391,1.13776,1.13816
2025-04-22 21:43:31.662708,1.13776,1.13821
2025-04-22 21:43:32.662049,1.13776,1.13816
2025-04-22 21:43:37.157294,1.13776,1.13814
2025-04-22 21:43:37.660784,1.13776,1.13813
2025-04-22 21:43:42.660365,1.13771,1.13813
2025-04-22 21:43:43.650137,1.13772,1.13813
2025-04-22 21:44:30.250718,1.1377,1.1381
2025-04-22 21:44:31.751555,1.1377,1.13814
2025-04-22 21:44:32.248207,1.1377,1.1381
2025-04-22 21:44:33.257363,1.13767,1.1381
2025-04-22 21:44:33.766921,1.13765,1.1381
2025-04-22 21:44:39.808932,1.13796,1.13804
2025-04-22 21:44:40.805970,1.13766,1.13803
2025-04-22 21:44:42.324894,1.13766,1.13809
2025-04-22 21:44:42.829008,1.13766,1.13803
2025-04-22 21:44:48.827653,1.13769,1.13803
2025-04-22 21:44:49.845609,1.13769,1.13809
2025-04-22 21:44:51.344475,1.13769,1.13803
2025-04-22 21:44:53.836649,1.13766,1.13803
2025-04-22 21:44:57.842259,1.13766,1.13809
2025-04-22 21:45:04.845619,1.13767,1.13803
2025-04-22 21:45:31.383118,1.13758,1.13779
2025-04-22 21:45:31.892848,1.13766,1.13792
2025-04-22 21:45:32.394925,1.13766,1.13786
2025-04-22 21:45:33.894313,1.13766,1.13787
2025-04-22 21:45:42.891901,1.13766,1.13792
2025-04-22 21:45:43.882194,1.13766,1.13785
2025-04-22 21:45:46.393122,1.13766,1.13786
2025-04-22 21:45:48.391933,1.13766,1.13785
2025-04-22 21:45:52.888672,1.13766,1.1379
2025-04-22 21:45:53.897281,1.13766,1.13786
2025-04-22 21:45:54.895944,1.13766,1.13789
2025-04-22 21:45:56.889700,1.13757,1.13787
2025-04-22 21:45:57.395069,1.13766,1.13787
2025-04-22 21:45:57.890445,1.13766,1.13795
2025-04-22 21:45:58.396449,1.13766,1.13791
2025-04-22 21:45:58.887143,1.13766,1.13788
2025-04-22 21:45:59.392528,1.13744,1.13779
2025-04-22 21:46:08.385280,1.13746,1.13772
2025-04-22 21:46:09.393717,1.13746,1.13771
2025-04-22 21:46:10.912069,1.13746,1.13767
2025-04-22 21:46:11.398612,1.13746,1.13765
2025-04-22 21:46:15.409280,1.13746,1.13766
2025-04-22 21:46:25.456498,1.13746,1.13764
2025-04-22 21:46:35.490409,1.13746,1.13763
2025-04-22 21:46:43.476190,1.13718,1.13741
2025-04-22 21:46:45.481855,1.1372,1.13741
2025-04-22 21:46:48.476733,1.13719,1.1374
2025-04-22 21:46:48.988723,1.13717,1.13739
2025-04-22 21:46:49.480891,1.13719,1.13741
2025-04-22 21:46:50.481220,1.13719,1.13738
2025-04-22 21:46:50.977124,1.13719,1.13739
2025-04-22 21:46:51.483995,1.13719,1.13736
2025-04-22 21:46:52.995590,1.13719,1.13741
2025-04-22 21:46:53.495283,1.13719,1.13739
2025-04-22 21:46:54.004048,1.13719,1.13741
2025-04-22 21:46:54.493947,1.13719,1.13737
2025-04-22 21:46:57.515398,1.13719,1.13735
2025-04-22 21:46:59.012691,1.13715,1.13735
2025-04-22 21:47:05.533446,1.13715,1.13736
2025-04-22 21:47:08.528565,1.13715,1.13735
2025-04-22 21:47:11.029290,1.13715,1.13732
2025-04-22 21:47:11.536884,1.13715,1.13731
2025-04-22 21:47:13.049149,1.13715,1.13736
2025-04-22 21:47:14.045180,1.13716,1.13735
2025-04-22 21:47:14.548793,1.13716,1.13733
2025-04-22 21:47:16.545340,1.13718,1.13735
2025-04-22 21:47:18.549475,1.13718,1.13737
2025-04-22 21:47:19.041511,1.13718,1.13736
2025-04-22 21:47:25.545462,1.13724,1.13763
2025-04-22 21:47:26.050055,1.13725,1.13764
2025-04-22 21:47:26.543934,1.13729,1.13769
2025-04-22 21:47:27.048004,1.13722,1.13765
2025-04-22 21:47:27.540268,1.13722,1.13757
2025-04-22 21:47:28.050497,1.13724,1.13758
2025-04-22 21:47:29.045956,1.13724,1.13763
2025-04-22 21:47:30.043004,1.13723,1.13763
2025-04-22 21:47:33.070748,1.13723,1.13765
2025-04-22 21:47:34.091689,1.13724,1.13765
2025-04-22 21:47:34.574344,1.13723,1.13764
2025-04-22 21:47:37.578504,1.13723,1.13772
2025-04-22 21:47:38.082657,1.13723,1.13765
2025-04-22 21:47:41.570212,1.13723,1.13766
2025-04-22 21:47:42.578830,1.13722,1.13766
2025-04-22 21:47:53.589227,1.13721,1.13766
2025-04-22 21:47:55.597130,1.13721,1.13763
2025-04-22 21:47:56.085166,1.13718,1.13745
2025-04-22 21:47:56.586352,1.13718,1.13746
2025-04-22 21:47:57.586108,1.13718,1.13744
2025-04-22 21:47:59.592963,1.13718,1.13746
2025-04-22 21:48:00.594488,1.13718,1.13744
2025-04-22 21:48:01.590585,1.13718,1.13743
2025-04-22 21:48:04.094000,1.13718,1.13742
2025-04-22 21:48:29.124911,1.13718,1.13744
2025-04-22 21:48:37.630108,1.13718,1.13741
2025-04-22 21:48:38.121673,1.13718,1.13742
2025-04-22 21:48:39.131810,1.13715,1.13742
2025-04-22 21:48:40.146458,1.13722,1.13759
2025-04-22 21:48:40.640308,1.13722,1.13761
2025-04-22 21:48:42.640940,1.13722,1.13763
2025-04-22 21:48:44.135085,1.13722,1.13758
2025-04-22 21:48:44.641819,1.13722,1.1377
2025-04-22 21:48:47.644962,1.13721,1.13759
2025-04-22 21:48:48.640607,1.1372,1.13758
2025-04-22 21:48:52.136236,1.1372,1.13757
2025-04-22 21:48:52.637019,1.1372,1.13755
2025-04-22 21:48:54.636445,1.13719,1.13759
2025-04-22 21:48:56.138333,1.13719,1.1376
2025-04-22 21:48:58.143169,1.13719,1.13759
2025-04-22 21:48:59.134621,1.13719,1.13758
2025-04-22 21:48:59.637296,1.13719,1.1376
2025-04-22 21:49:05.639016,1.13719,1.13754
2025-04-22 21:49:07.642310,1.13717,1.13752
2025-04-22 21:49:10.638661,1.13717,1.13759
2025-04-22 21:49:15.641386,1.13716,1.13758
2025-04-22 21:49:22.636916,1.13717,1.13758
2025-04-22 21:49:23.636681,1.13717,1.13759
2025-04-22 21:49:25.641169,1.13716,1.13759
2025-04-22 21:49:28.634862,1.13716,1.13755
2025-04-22 21:49:39.637236,1.13716,1.13754
2025-04-22 21:49:40.139666,1.13718,1.13755
2025-04-22 21:49:40.642650,1.13719,1.13756
2025-04-22 21:49:41.134650,1.1372,1.13756
2025-04-22 21:49:41.634976,1.1372,1.13757
2025-04-22 21:49:43.136836,1.1372,1.13756
2025-04-22 21:49:45.144350,1.1372,1.13757
2025-04-22 21:49:47.139032,1.1372,1.13756
2025-04-22 21:49:48.145779,1.13719,1.13756
2025-04-22 21:49:50.674378,1.13719,1.13755
2025-04-22 21:49:52.671175,1.13719,1.13757
2025-04-22 21:50:00.183203,1.13719,1.13758
2025-04-22 21:50:16.696487,1.13721,1.13758
2025-04-22 21:50:20.708242,1.13721,1.13757
2025-04-22 21:50:23.202741,1.13721,1.13758
2025-04-22 21:50:24.202215,1.13721,1.13757
2025-04-22 21:50:25.708781,1.13721,1.13756
2025-04-22 21:50:27.200207,1.13721,1.13759
2025-04-22 21:50:27.701072,1.13721,1.13758
2025-04-22 21:50:29.198924,1.1372,1.13757
2025-04-22 21:50:38.213021,1.13719,1.13757
2025-04-22 21:50:38.723444,1.13721,1.13756
2025-04-22 21:50:39.217209,1.1372,1.13754
2025-04-22 21:50:40.217725,1.13721,1.13754
2025-04-22 21:50:40.714808,1.13721,1.13755
2025-04-22 21:50:42.223745,1.13721,1.13754
2025-04-22 21:50:42.711067,1.13721,1.13755
2025-04-22 21:50:43.723416,1.1372,1.13754
2025-04-22 21:50:54.717696,1.13721,1.13756
2025-04-22 21:50:57.721663,1.1372,1.13755
2025-04-22 21:50:59.223827,1.1372,1.13754
2025-04-22 21:51:12.225603,1.1372,1.13756
2025-04-22 21:51:13.213711,1.13719,1.13754
2025-04-22 21:51:57.244861,1.13718,1.13754
2025-04-22 21:51:59.752950,1.13717,1.13754
2025-04-22 21:52:03.762762,1.13718,1.13754
2025-04-22 21:52:08.801708,1.13718,1.13757
2025-04-22 21:52:19.801389,1.13717,1.13757
2025-04-22 21:52:25.337086,1.13717,1.13758
2025-04-22 21:52:33.835943,1.13715,1.13758
2025-04-22 21:52:36.347316,1.13716,1.13758
2025-04-22 21:52:38.336226,1.13716,1.13756
2025-04-22 21:52:49.841984,1.13716,1.13757
2025-04-22 21:52:50.846609,1.13716,1.13758
2025-04-22 21:52:55.843040,1.13716,1.13757
2025-04-22 21:52:59.877677,1.13752,1.1376
2025-04-22 21:53:00.877373,1.13753,1.13761
2025-04-22 21:53:13.877830,1.13752,1.1376
2025-04-22 21:53:16.878010,1.13754,1.13762
2025-04-22 21:53:17.381320,1.13753,1.13761
2025-04-22 21:53:19.872679,1.13751,1.13759
2025-04-22 21:53:20.872300,1.1375,1.13758
2025-04-22 21:53:28.375083,1.13749,1.13757
2025-04-22 21:53:37.928707,1.13747,1.13755
2025-04-22 21:53:39.427559,1.13746,1.13754
2025-04-22 21:53:41.420344,1.13748,1.13756
2025-04-22 21:53:48.433934,1.13746,1.13754
2025-04-22 21:53:56.757159,1.13748,1.13756
2025-04-22 21:53:57.254204,1.13746,1.13754
2025-04-22 21:54:08.257267,1.13742,1.13752
2025-04-22 21:54:09.744187,1.13742,1.13753
2025-04-22 21:54:11.246750,1.13742,1.1375
2025-04-22 21:54:21.256164,1.13742,1.13751
2025-04-22 21:54:22.762469,1.13746,1.13754
2025-04-22 21:54:23.259120,1.13748,1.1376
2025-04-22 21:54:27.789688,1.13748,1.13761
2025-04-22 21:54:34.305059,1.13739,1.13761
2025-04-22 21:54:36.812217,1.13751,1.13761
2025-04-22 21:54:38.310344,1.13751,1.13772
2025-04-22 21:54:39.820057,1.1375,1.13772
2025-04-22 21:54:48.807267,1.13741,1.13763
2025-04-22 21:54:54.814072,1.13741,1.13757
2025-04-22 21:54:57.311406,1.13741,1.13758
2025-04-22 21:55:06.838897,1.13737,1.1375
2025-04-22 21:55:17.337813,1.13737,1.13751
2025-04-22 21:55:19.344003,1.13734,1.13751
2025-04-22 21:55:20.838594,1.13715,1.13751
2025-04-22 21:55:23.848590,1.13713,1.13749
2025-04-22 21:55:28.338860,1.13713,1.13747
2025-04-22 21:55:28.836338,1.13713,1.13748
2025-04-22 21:55:36.355803,1.13713,1.1375
2025-04-22 21:55:36.855081,1.13713,1.13737
2025-04-22 21:55:39.865297,1.13713,1.13736
2025-04-22 21:55:43.351958,1.13713,1.13737
2025-04-22 21:55:49.365967,1.13709,1.13737
2025-04-22 21:55:50.352924,1.13706,1.13737
2025-04-22 21:55:56.355894,1.13706,1.13736
2025-04-22 21:55:57.856226,1.13706,1.13738
2025-04-22 21:56:08.875760,1.13706,1.13737
2025-04-22 21:56:15.869047,1.13706,1.13738
2025-04-22 21:56:19.368256,1.13705,1.13738
2025-04-22 21:56:30.873329,1.13708,1.13734
2025-04-22 21:56:31.368807,1.13709,1.13734
2025-04-22 21:56:31.872567,1.13709,1.13729
2025-04-22 21:56:32.370856,1.13696,1.13714
2025-04-22 21:56:32.872617,1.13683,1.13714
2025-04-22 21:56:33.881376,1.1368,1.13709
2025-04-22 21:56:34.879638,1.13675,1.137
2025-04-22 21:56:35.374624,1.13677,1.13701
2025-04-22 21:56:36.367782,1.13684,1.137
2025-04-22 21:56:36.880084,1.13685,1.13704
2025-04-22 21:56:37.380162,1.13685,1.13702
2025-04-22 21:56:37.879008,1.13685,1.13701
2025-04-22 21:56:38.373182,1.13681,1.13701
2025-04-22 21:56:38.871810,1.13675,1.13697
2025-04-22 21:56:40.368286,1.13675,1.13699
2025-04-22 21:56:42.879221,1.13675,1.13697
2025-04-22 21:56:43.371134,1.1366,1.13694
2025-04-22 21:56:44.882237,1.13675,1.13693
2025-04-22 21:56:47.372125,1.13673,1.13693
2025-04-22 21:56:47.871327,1.13675,1.13694
2025-04-22 21:56:49.378114,1.13675,1.13693
2025-04-22 21:56:54.602938,1.13675,1.13694
2025-04-22 21:56:55.101698,1.13675,1.13693
2025-04-22 21:56:59.104603,1.13659,1.13693
2025-04-22 21:56:59.612558,1.13658,1.13686
2025-04-22 21:57:02.611649,1.13656,1.13686
2025-04-22 21:57:03.612117,1.13663,1.13686
2025-04-22 21:57:04.105059,1.13654,1.13686
2025-04-22 21:57:06.110865,1.13663,1.13686
2025-04-22 21:57:06.611314,1.13659,1.13702
2025-04-22 21:57:07.107132,1.13662,1.13702
2025-04-22 21:57:07.606254,1.13662,1.13705
2025-04-22 21:57:08.110983,1.13661,1.13709
2025-04-22 21:57:08.616321,1.13679,1.13717
2025-04-22 21:57:12.615831,1.13679,1.13719
2025-04-22 21:57:15.613634,1.1367,1.13717
2025-04-22 21:57:17.122592,1.13667,1.13717
2025-04-22 21:57:17.631281,1.13679,1.13717
2025-04-22 21:57:18.125242,1.13689,1.13717
2025-04-22 21:57:20.619173,1.13658,1.13697
2025-04-22 21:57:21.129686,1.13658,1.13693
2025-04-22 21:57:22.634557,1.13658,1.13696
2025-04-22 21:57:23.140871,1.13658,1.13689
2025-04-22 21:57:24.138057,1.13658,1.13695
2025-04-22 21:57:25.146224,1.13658,1.13698
2025-04-22 21:57:25.634289,1.13658,1.13699
2025-04-22 21:57:26.136726,1.13666,1.13699
2025-04-22 21:57:27.158222,1.13666,1.13697
2025-04-22 21:57:27.653926,1.13671,1.13698
2025-04-22 21:57:28.658861,1.13671,1.13702
2025-04-22 21:57:29.154205,1.13671,1.137
2025-04-22 21:57:29.657897,1.13672,1.137
2025-04-22 21:57:30.649129,1.13671,1.13702
2025-04-22 21:57:31.652623,1.13671,1.13701
2025-04-22 21:57:34.664082,1.13671,1.13699
2025-04-22 21:57:37.669091,1.13666,1.13699
2025-04-22 21:57:39.668539,1.13671,1.13696
2025-04-22 21:57:40.164311,1.13658,1.13694
2025-04-22 21:57:42.672276,1.13658,1.13692
2025-04-22 21:57:43.172406,1.13666,1.13692
2025-04-22 21:57:43.672392,1.13666,1.13696
2025-04-22 21:57:44.669922,1.13658,1.13696
2025-04-22 21:57:45.667291,1.13658,1.13694
2025-04-22 21:57:46.172605,1.13658,1.13692
2025-04-22 21:57:47.669355,1.13658,1.13694
2025-04-22 21:57:49.172731,1.13658,1.13693
2025-04-22 21:57:49.670168,1.13658,1.1369
2025-04-22 21:57:50.171381,1.13658,1.13691
2025-04-22 21:57:50.673666,1.13657,1.13686
2025-04-22 21:57:51.178960,1.13656,1.1369
2025-04-22 21:57:51.671477,1.13657,1.13694
2025-04-22 21:57:52.173842,1.13656,1.13692
2025-04-22 21:57:52.675123,1.13666,1.1369
2025-04-22 21:57:53.174363,1.13666,1.13693
2025-04-22 21:57:54.672142,1.13666,1.13692
2025-04-22 21:57:55.671308,1.13663,1.13695
2025-04-22 21:57:56.168775,1.13649,1.13687
2025-04-22 21:57:56.666856,1.13648,1.13685
2025-04-22 21:57:57.171657,1.13666,1.13691
2025-04-22 21:57:57.673052,1.13667,1.13691
2025-04-22 21:57:58.171786,1.13666,1.13691
2025-04-22 21:57:58.672361,1.13676,1.13695
2025-04-22 21:58:00.668086,1.13666,1.1369
2025-04-22 21:58:01.678673,1.13666,1.13691
2025-04-22 21:58:02.679369,1.13658,1.13695
2025-04-22 21:58:03.164308,1.1366,1.13685
2025-04-22 21:58:03.666126,1.13648,1.13677
2025-04-22 21:58:04.176087,1.13653,1.13687
2025-04-22 21:58:04.671691,1.13658,1.13696
2025-04-22 21:58:05.171513,1.13653,1.13689
2025-04-22 21:58:06.186042,1.13658,1.13689
2025-04-22 21:58:07.685166,1.13658,1.13685
2025-04-22 21:58:08.686956,1.13676,1.13695
2025-04-22 21:58:09.183432,1.13657,1.13689
2025-04-22 21:58:09.693751,1.13648,1.13681
2025-04-22 21:58:10.186804,1.13651,1.13682
2025-04-22 21:58:10.682688,1.13676,1.13685
2025-04-22 21:58:11.186364,1.13676,1.13693
2025-04-22 21:58:11.685934,1.13676,1.13694
2025-04-22 21:58:12.183252,1.13656,1.13673
2025-04-22 21:58:12.685514,1.13656,1.13674
2025-04-22 21:58:13.683753,1.13646,1.13672
2025-04-22 21:58:14.185807,1.13646,1.13667
2025-04-22 21:58:15.188401,1.13646,1.13669
2025-04-22 21:58:17.701886,1.13646,1.1367
2025-04-22 21:58:18.700564,1.13646,1.13668
2025-04-22 21:58:19.199289,1.13646,1.13672
2025-04-22 21:58:19.699483,1.13646,1.1367
2025-04-22 21:58:23.711981,1.13646,1.13669
2025-04-22 21:58:24.707271,1.13651,1.13677
2025-04-22 21:58:25.215355,1.13646,1.13676
2025-04-22 21:58:25.725458,1.13646,1.13681
2025-04-22 21:58:26.211086,1.13645,1.13681
2025-04-22 21:58:26.727856,1.13631,1.13679
2025-04-22 21:58:27.226350,1.1363,1.13679
2025-04-22 21:58:28.212834,1.1363,1.13676
2025-04-22 21:58:29.223974,1.1363,1.1367
2025-04-22 21:58:29.723518,1.1363,1.13679
2025-04-22 21:58:30.223539,1.13629,1.13678
2025-04-22 21:58:31.220954,1.13629,1.13673
2025-04-22 21:58:31.721815,1.13626,1.13672
2025-04-22 21:58:35.229298,1.13624,1.13672
2025-04-22 21:58:35.732999,1.13634,1.13673
2025-04-22 21:58:39.235102,1.13631,1.13673
2025-04-22 21:58:41.229629,1.13632,1.13673
2025-04-22 21:58:41.733009,1.13633,1.13673
2025-04-22 21:58:45.240462,1.13633,1.13674
2025-04-22 21:58:45.738522,1.13625,1.13662
2025-04-22 21:58:46.236371,1.13625,1.13659
2025-04-22 21:58:48.727617,1.13625,1.13656
2025-04-22 21:58:49.732175,1.13646,1.13663
2025-04-22 21:58:50.232244,1.13646,1.13662
2025-04-22 21:58:52.229680,1.13624,1.1365
2025-04-22 21:58:58.235058,1.13616,1.13653
2025-04-22 21:58:58.737573,1.13616,1.13658
2025-04-22 21:58:59.238293,1.13616,1.13652
2025-04-22 21:58:59.736639,1.13616,1.13655
2025-04-22 21:59:01.743365,1.13616,1.13656
2025-04-22 21:59:02.242888,1.13616,1.13658
2025-04-22 21:59:03.255583,1.13616,1.13656
2025-04-22 21:59:06.245866,1.13616,1.13655
2025-04-22 21:59:08.755636,1.13616,1.13657
2025-04-22 21:59:10.251771,1.13616,1.13652
2025-04-22 21:59:10.751231,1.1362,1.13652
2025-04-22 21:59:12.756972,1.1362,1.13655
2025-04-22 21:59:17.253981,1.1362,1.13658
2025-04-22 21:59:18.246435,1.1362,1.13656
2025-04-22 21:59:19.244135,1.1362,1.13657
2025-04-22 21:59:20.256541,1.1362,1.13659
2025-04-22 21:59:21.755805,1.1362,1.13656
2025-04-22 21:59:24.759031,1.1362,1.13657
2025-04-22 21:59:32.261734,1.13618,1.13657
2025-04-22 21:59:33.265434,1.13618,1.13656
2025-04-22 21:59:34.759464,1.13621,1.13658
2025-04-22 21:59:38.760251,1.13621,1.13656
2025-04-22 21:59:39.269527,1.13621,1.1365
2025-04-22 21:59:39.766222,1.1362,1.13655
2025-04-22 21:59:40.266006,1.13626,1.13662
2025-04-22 21:59:40.762482,1.13628,1.13669
2025-04-22 21:59:41.260877,1.13631,1.13658
2025-04-22 21:59:41.763540,1.13628,1.13665
2025-04-22 21:59:43.262808,1.13628,1.13666
2025-04-22 21:59:44.765045,1.13636,1.13667
2025-04-22 21:59:45.265886,1.1363,1.13667
2025-04-22 21:59:45.766411,1.1363,1.13668
2025-04-22 21:59:46.766563,1.13632,1.13669
2025-04-22 21:59:48.759883,1.13624,1.13666
2025-04-22 21:59:49.258584,1.13622,1.13666
2025-04-22 21:59:51.763489,1.13619,1.13657
2025-04-22 21:59:52.265265,1.13616,1.13653
2025-04-22 21:59:54.762283,1.13616,1.13652
2025-04-22 21:59:56.768036,1.13616,1.13651
2025-04-22 21:59:58.274822,1.13618,1.13653
2025-04-22 21:59:58.773802,1.13618,1.13654
2025-04-22 21:59:59.277261,1.13617,1.13655
2025-04-22 21:59:59.506889,1.13614,1.13652
2025-04-22 22:00:00.052439,1.13623,1.13662
2025-04-22 22:00:00.573633,1.13612,1.13662
2025-04-22 22:00:01.205368,1.1361,1.13669
2025-04-22 22:00:01.376825,1.13615,1.13652
2025-04-22 22:00:01.407386,1.13615,1.13649
2025-04-22 22:00:01.547674,1.13613,1.13647
2025-04-22 22:00:01.779919,1.13585,1.13643
2025-04-22 22:00:02.086007,1.13585,1.1365
2025-04-22 22:00:02.291198,1.13565,1.13639
2025-04-22 22:00:02.366390,1.13565,1.13643
2025-04-22 22:00:02.599916,1.13568,1.13648
2025-04-22 22:00:02.833406,1.13586,1.13657
2025-04-22 22:00:03.228859,1.13587,1.13659
2025-04-22 22:00:03.771040,1.13593,1.13643
2025-04-22 22:00:04.262105,1.13596,1.13644
2025-04-22 22:00:04.758233,1.13594,1.13644
2025-04-22 22:00:05.264279,1.13591,1.13641
2025-04-22 22:00:05.763568,1.13592,1.13642
2025-04-22 22:00:06.257430,1.13611,1.13661
2025-04-22 22:00:06.362522,1.13601,1.13651
2025-04-22 22:00:06.809746,1.13594,1.13644
2025-04-22 22:00:07.222124,1.13598,1.13648
2025-04-22 22:00:08.096300,1.13604,1.13654
2025-04-22 22:00:08.440847,1.13602,1.13652
2025-04-22 22:00:08.783769,1.13603,1.13653
2025-04-22 22:00:09.006861,1.13604,1.13654
2025-04-22 22:00:09.511241,1.13626,1.13655
2025-04-22 22:00:09.868831,1.13601,1.13651
2025-04-22 22:00:10.062281,1.13606,1.13656
2025-04-22 22:00:10.227078,1.13608,1.13658
2025-04-22 22:00:10.475334,1.1361,1.1366
2025-04-22 22:00:10.771181,1.13602,1.13652
2025-04-22 22:00:11.076671,1.13597,1.13647
2025-04-22 22:00:11.812228,1.13594,1.1364
2025-04-22 22:00:11.858557,1.13599,1.13639
2025-04-22 22:00:12.712607,1.13599,1.13641
2025-04-22 22:00:13.095572,1.13599,1.13639
2025-04-22 22:00:13.308251,1.13591,1.13638
2025-04-22 22:00:13.609462,1.13592,1.13635
2025-04-22 22:00:14.227970,1.13592,1.13638
2025-04-22 22:00:14.702241,1.13592,1.1364
2025-04-22 22:00:15.205911,1.13592,1.13638
2025-04-22 22:00:16.165373,1.13592,1.1364
2025-04-22 22:00:16.571682,1.13592,1.13637
2025-04-22 22:00:16.694820,1.13597,1.13637
2025-04-22 22:00:17.371879,1.13592,1.1364
2025-04-22 22:00:17.664831,1.13593,1.13636
2025-04-22 22:00:17.959045,1.13593,1.13638
2025-04-22 22:00:18.036279,1.13593,1.13633
2025-04-22 22:00:18.950274,1.13592,1.13633
2025-04-22 22:00:19.007476,1.13593,1.13634
2025-04-22 22:00:19.193156,1.13608,1.13634
2025-04-22 22:00:19.443591,1.13608,1.13632
2025-04-22 22:00:19.711449,1.13608,1.13635
2025-04-22 22:00:19.987446,1.13615,1.13635
2025-04-22 22:00:20.591562,1.13615,1.13638
2025-04-22 22:00:21.026737,1.13615,1.13633
2025-04-22 22:00:22.203552,1.13615,1.13637
2025-04-22 22:00:22.366677,1.13615,1.13635
2025-04-22 22:00:22.603952,1.13637,1.1365
2025-04-22 22:00:22.866466,1.13656,1.13666
2025-04-22 22:00:23.114144,1.13656,1.13667
2025-04-22 22:00:23.889404,1.13644,1.13653
2025-04-22 22:00:24.450703,1.13662,1.13672
2025-04-22 22:00:24.959602,1.13662,1.1367
2025-04-22 22:00:25.252202,1.13672,1.13682
2025-04-22 22:00:25.587781,1.13649,1.13669
2025-04-22 22:00:25.830030,1.13646,1.13666
2025-04-22 22:00:26.543779,1.13646,1.13665
2025-04-22 22:00:26.652293,1.13646,1.13666
2025-04-22 22:00:27.148882,1.13654,1.13671
2025-04-22 22:00:27.894391,1.13654,1.13673
2025-04-22 22:00:28.002529,1.13656,1.13675
2025-04-22 22:00:28.177535,1.13654,1.13673
2025-04-22 22:00:28.694097,1.13651,1.13671
2025-04-22 22:00:28.996441,1.13646,1.13669
2025-04-22 22:00:29.445517,1.13649,1.13669
2025-04-22 22:00:29.623990,1.13627,1.13648
2025-04-22 22:00:30.132754,1.13645,1.13666
2025-04-22 22:00:30.309612,1.13645,1.13663
2025-04-22 22:00:30.505604,1.13644,1.13664
2025-04-22 22:00:30.976207,1.13636,1.1366
2025-04-22 22:00:31.607950,1.13634,1.13649
2025-04-22 22:00:31.937263,1.13636,1.13653
2025-04-22 22:00:32.212667,1.1359,1.13617
2025-04-22 22:00:32.522452,1.13593,1.13605
2025-04-22 22:00:32.775336,1.13596,1.13618
2025-04-22 22:00:33.255623,1.13604,1.13621
2025-04-22 22:00:33.641327,1.13604,1.13625
2025-04-22 22:00:33.884303,1.13594,1.13609
2025-04-22 22:00:34.147303,1.13594,1.13611
2025-04-22 22:00:34.350473,1.13609,1.13617
2025-04-22 22:00:34.796431,1.13618,1.13633
2025-04-22 22:00:34.941624,1.13611,1.13625
2025-04-22 22:00:35.559593,1.13605,1.1362
2025-04-22 22:00:35.972883,1.13604,1.13615
2025-04-22 22:00:36.331827,1.1359,1.13616
2025-04-22 22:00:36.642772,1.1359,1.13606
2025-04-22 22:00:36.927255,1.1359,1.13603
2025-04-22 22:00:37.211328,1.13586,1.13597
2025-04-22 22:00:37.428868,1.13579,1.13587
2025-04-22 22:00:37.958209,1.13579,1.13588
2025-04-22 22:00:38.247043,1.13581,1.13592
2025-04-22 22:00:38.601445,1.13596,1.13607
2025-04-22 22:00:38.862583,1.13594,1.13602
2025-04-22 22:00:39.139128,1.13594,1.13604
2025-04-22 22:00:39.749029,1.13593,1.13601
2025-04-22 22:00:39.982839,1.13591,1.13601
2025-04-22 22:00:40.217055,1.13591,1.13602
2025-04-22 22:00:40.699398,1.13591,1.13599
2025-04-22 22:00:41.326088,1.13594,1.13606
2025-04-22 22:00:41.443398,1.13593,1.13601
2025-04-22 22:00:42.804673,1.13592,1.136
2025-04-22 22:00:43.299789,1.13589,1.13597
2025-04-22 22:00:43.442494,1.13577,1.13585
2025-04-22 22:00:43.723036,1.13577,1.13591
2025-04-22 22:00:44.216906,1.13574,1.13589
2025-04-22 22:00:44.498409,1.13571,1.13585
2025-04-22 22:00:44.736069,1.13579,1.13594
2025-04-22 22:00:45.089493,1.13574,1.13589
2025-04-22 22:00:45.336304,1.13586,1.13602
2025-04-22 22:00:45.652843,1.13581,1.13593
2025-04-22 22:00:46.154582,1.13588,1.13601
2025-04-22 22:00:46.390640,1.13585,1.13598
2025-04-22 22:00:46.633160,1.13587,1.136
2025-04-22 22:00:47.222628,1.13586,1.13597
2025-04-22 22:00:47.476977,1.13583,1.13594
2025-04-22 22:00:48.465508,1.13585,1.13597
2025-04-22 22:00:48.934187,1.13583,1.13594
2025-04-22 22:00:49.471699,1.13583,1.13595
2025-04-22 22:00:50.970192,1.13584,1.13598
2025-04-22 22:00:51.399207,1.13587,1.13598
2025-04-22 22:00:51.681253,1.13595,1.13603
2025-04-22 22:00:51.938969,1.13597,1.13607
2025-04-22 22:00:52.205921,1.13596,1.13606
2025-04-22 22:00:52.450767,1.13602,1.1361
2025-04-22 22:00:52.791471,1.13598,1.13613
2025-04-22 22:00:53.021443,1.1359,1.13605
2025-04-22 22:00:53.624189,1.1358,1.13598
2025-04-22 22:00:54.211151,1.13581,1.13599
2025-04-22 22:00:54.443945,1.13579,1.13599
2025-04-22 22:00:55.166405,1.13581,1.136
2025-04-22 22:00:55.446023,1.13583,1.13603
2025-04-22 22:00:55.759470,1.13584,1.13603
2025-04-22 22:00:56.435298,1.13589,1.13608
2025-04-22 22:00:56.701165,1.13586,1.13599
2025-04-22 22:00:56.968588,1.13583,1.13602
2025-04-22 22:00:57.438361,1.13583,1.13603
2025-04-22 22:00:57.954536,1.13583,1.13605
2025-04-22 22:00:58.183481,1.13584,1.13605
2025-04-22 22:00:59.184409,1.13578,1.13599
2025-04-22 22:00:59.388692,1.13573,1.13593
2025-04-22 22:00:59.713573,1.13568,1.13584
2025-04-22 22:00:59.942760,1.13568,1.13589
2025-04-22 22:01:00.457329,1.1357,1.1359
2025-04-22 22:01:01.226647,1.13568,1.13586
2025-04-22 22:01:01.459073,1.13567,1.13587
2025-04-22 22:01:01.788060,1.13572,1.13591
2025-04-22 22:01:02.092045,1.13572,1.1359
2025-04-22 22:01:02.324679,1.13572,1.13593
2025-04-22 22:01:03.299131,1.1358,1.136
2025-04-22 22:01:03.749525,1.13582,1.136
2025-04-22 22:01:04.367082,1.13575,1.13594
2025-04-22 22:01:04.627292,1.13578,1.13594
2025-04-22 22:01:05.535426,1.13574,1.13594
2025-04-22 22:01:05.754942,1.13567,1.13584
2025-04-22 22:01:06.409512,1.13574,1.13595
2025-04-22 22:01:06.861049,1.13575,1.13595
2025-04-22 22:01:07.752457,1.13573,1.13587
2025-04-22 22:01:08.600669,1.13571,1.13587
2025-04-22 22:01:09.488796,1.13581,1.13589
2025-04-22 22:01:10.738316,1.13582,1.13593
2025-04-22 22:01:11.113871,1.13589,1.13597
2025-04-22 22:01:11.607211,1.1359,1.13598
2025-04-22 22:01:12.149119,1.13593,1.13603
2025-04-22 22:01:12.830277,1.13593,1.13602
2025-04-22 22:01:12.962521,1.13589,1.13602
2025-04-22 22:01:14.414011,1.13589,1.13598
2025-04-22 22:01:14.736591,1.13589,1.13601
2025-04-22 22:01:15.113700,1.13598,1.13606
2025-04-22 22:01:15.433097,1.13593,1.13604
2025-04-22 22:01:15.643979,1.13593,1.13603
2025-04-22 22:01:15.937621,1.13593,1.13605
2025-04-22 22:01:16.138846,1.13593,1.13601
2025-04-22 22:01:16.748634,1.13579,1.13588
2025-04-22 22:01:17.492244,1.13581,1.13589
2025-04-22 22:01:18.133605,1.13578,1.13586
2025-04-22 22:01:18.824997,1.13577,1.13585
2025-04-22 22:01:19.044931,1.13565,1.13573
2025-04-22 22:01:19.292492,1.1357,1.13578
2025-04-22 22:01:19.790682,1.13581,1.13594
2025-04-22 22:01:20.729845,1.13586,1.13596
2025-04-22 22:01:21.351342,1.13586,1.13595
2025-04-22 22:01:21.790422,1.13576,1.13585
2025-04-22 22:01:22.054870,1.13582,1.13594
2025-04-22 22:01:22.406976,1.13582,1.13593
2025-04-22 22:01:22.613441,1.13585,1.13595
2025-04-22 22:01:23.119685,1.13592,1.136
2025-04-22 22:01:23.421992,1.13592,1.13602
2025-04-22 22:01:35.175870,1.1359,1.136
2025-04-22 22:01:35.881839,1.13591,1.13604
2025-04-22 22:01:36.509768,1.13589,1.13597
2025-04-22 22:01:37.195830,1.13588,1.13602
2025-04-22 22:01:37.902337,1.13587,1.136
2025-04-22 22:01:38.028038,1.13585,1.13599
2025-04-22 22:01:39.454106,1.13585,1.13597
2025-04-22 22:01:40.532730,1.13585,1.13595
2025-04-22 22:01:41.402228,1.13584,1.13596
2025-04-22 22:01:42.314190,1.13585,1.13597
2025-04-22 22:01:42.644848,1.13597,1.13612
2025-04-22 22:01:43.228595,1.13602,1.1361
2025-04-22 22:01:44.006060,1.13595,1.13605
2025-04-22 22:01:46.414134,1.13593,1.13602
2025-04-22 22:01:47.849006,1.13586,1.13596
2025-04-22 22:01:48.147667,1.13583,1.13596
2025-04-22 22:01:48.392073,1.13582,1.13596
2025-04-22 22:01:48.722381,1.13587,1.136
2025-04-22 22:01:49.467282,1.13587,1.13597
2025-04-22 22:01:49.886020,1.13582,1.13594
2025-04-22 22:01:50.366128,1.13582,1.13597
2025-04-22 22:01:50.551505,1.13582,1.13598
2025-04-22 22:01:51.764986,1.13582,1.13592
2025-04-22 22:01:53.714971,1.13584,1.13598
2025-04-22 22:01:54.824266,1.13584,1.13596
2025-04-22 22:01:55.117688,1.13585,1.13598
2025-04-22 22:01:56.478321,1.13583,1.13597
2025-04-22 22:01:57.727900,1.13584,1.13593
2025-04-22 22:01:57.835090,1.13584,1.13599
2025-04-22 22:01:58.102045,1.13586,1.13599
2025-04-22 22:01:58.935713,1.13588,1.13599
2025-04-22 22:01:59.202237,1.13588,1.13597
2025-04-22 22:02:01.221629,1.13585,1.13599
2025-04-22 22:02:02.399721,1.13585,1.13597
2025-04-22 22:02:03.419341,1.13585,1.13596
2025-04-22 22:02:03.685082,1.13583,1.13598
2025-04-22 22:02:03.999319,1.13583,1.13593
2025-04-22 22:02:04.485924,1.13585,1.13604
2025-04-22 22:02:05.368027,1.13586,1.13604
2025-04-22 22:02:05.489856,1.13585,1.13601
2025-04-22 22:02:05.888806,1.13583,1.13599
2025-04-22 22:02:06.125124,1.1358,1.13598
2025-04-22 22:02:06.984558,1.1358,1.13599
2025-04-22 22:02:07.346118,1.13581,1.13599
2025-04-22 22:02:07.894604,1.13586,1.13598
2025-04-22 22:02:07.971340,1.13582,1.13596
2025-04-22 22:02:08.185126,1.13596,1.1361
2025-04-22 22:02:08.417174,1.13597,1.13612
2025-04-22 22:02:09.602320,1.13595,1.13607
2025-04-22 22:02:09.776074,1.13593,1.13606
2025-04-22 22:02:10.062395,1.13591,1.13605
2025-04-22 22:02:10.734610,1.13592,1.13605
2025-04-22 22:02:11.551896,1.13596,1.1361
2025-04-22 22:02:11.802388,1.13585,1.13597
2025-04-22 22:02:12.115525,1.13582,1.13592
2025-04-22 22:02:12.584362,1.13579,1.13595
2025-04-22 22:02:13.199643,1.13579,1.13589
2025-04-22 22:02:13.853674,1.13579,1.13592
2025-04-22 22:02:14.133003,1.13584,1.13599
2025-04-22 22:02:14.490024,1.13589,1.13605
2025-04-22 22:02:15.092727,1.13584,1.13599
2025-04-22 22:02:15.565971,1.13584,1.13598
2025-04-22 22:02:16.001595,1.13584,1.13597
2025-04-22 22:02:16.866516,1.13584,1.13594
2025-04-22 22:02:18.249244,1.13584,1.13596
2025-04-22 22:02:18.566266,1.13586,1.13594
2025-04-22 22:02:19.664220,1.13586,1.136
2025-04-22 22:02:20.224218,1.13586,1.13601
2025-04-22 22:02:20.680259,1.13584,1.13599
2025-04-22 22:02:22.191659,1.13584,1.13597
2025-04-22 22:02:22.696045,1.13583,1.13598
2025-04-22 22:02:23.187018,1.13578,1.13596
2025-04-22 22:02:23.402809,1.13577,1.13588
2025-04-22 22:02:23.728413,1.13577,1.1359
2025-04-22 22:02:24.007305,1.13577,1.13594
2025-04-22 22:02:26.223168,1.13577,1.13596
2025-04-22 22:02:27.449616,1.13584,1.13596
2025-04-22 22:02:28.414270,1.13584,1.13597
2025-04-22 22:02:29.112899,1.13584,1.13599
2025-04-22 22:02:29.363759,1.13585,1.13593
2025-04-22 22:02:29.670941,1.13571,1.13584
2025-04-22 22:02:29.898558,1.13562,1.13583
2025-04-22 22:02:30.752139,1.13563,1.13585
2025-04-22 22:02:32.136881,1.13563,1.13583
2025-04-22 22:02:32.607258,1.13564,1.13585
2025-04-22 22:02:32.851995,1.13561,1.13576
2025-04-22 22:02:34.180603,1.13559,1.13576
2025-04-22 22:02:34.931927,1.13559,1.13572
2025-04-22 22:02:36.347338,1.1356,1.13576
2025-04-22 22:02:37.462373,1.1356,1.13575
2025-04-22 22:02:37.754192,1.13559,1.13576
2025-04-22 22:02:39.125737,1.1356,1.13575
2025-04-22 22:02:39.562331,1.13561,1.13575
2025-04-22 22:02:39.944475,1.13561,1.13574
2025-04-22 22:02:40.918435,1.13561,1.13576
2025-04-22 22:02:43.257607,1.13561,1.13573
2025-04-22 22:02:44.256105,1.13558,1.13569
2025-04-22 22:02:44.654553,1.13558,1.13574
2025-04-22 22:02:45.130655,1.13523,1.13544
2025-04-22 22:02:45.397345,1.13524,1.1354
2025-04-22 22:02:45.679535,1.13529,1.13548
2025-04-22 22:02:46.187529,1.1353,1.13551
2025-04-22 22:02:46.462481,1.13515,1.13536
2025-04-22 22:02:46.916235,1.13515,1.13534
2025-04-22 22:02:47.510478,1.13516,1.13533
2025-04-22 22:02:47.863170,1.13515,1.13533
2025-04-22 22:02:48.378972,1.13515,1.13532
2025-04-22 22:02:48.636059,1.13515,1.13535
2025-04-22 22:02:48.999593,1.13515,1.13538
2025-04-22 22:02:49.648857,1.13516,1.13535
2025-04-22 22:02:50.003695,1.13517,1.13537
2025-04-22 22:02:50.343585,1.13515,1.13536
2025-04-22 22:02:50.829681,1.13518,1.13533
2025-04-22 22:02:51.143623,1.13519,1.13538
2025-04-22 22:02:51.373681,1.13532,1.13545
2025-04-22 22:02:51.843015,1.13527,1.13542
2025-04-22 22:02:52.296937,1.13531,1.13545
2025-04-22 22:02:52.850304,1.13532,1.13545
2025-04-22 22:02:53.111557,1.13534,1.13548
2025-04-22 22:02:53.333836,1.13534,1.13553
2025-04-22 22:02:53.535310,1.13537,1.13553
2025-04-22 22:02:53.844322,1.13527,1.13543
2025-04-22 22:02:54.294190,1.13529,1.13544
2025-04-22 22:02:54.550116,1.13535,1.13549
2025-04-22 22:02:54.833339,1.13533,1.13548
2025-04-22 22:02:54.962055,1.13533,1.13545
2025-04-22 22:02:55.538403,1.13531,1.13542
2025-04-22 22:02:56.494164,1.1353,1.13543
2025-04-22 22:02:56.794207,1.1353,1.13542
2025-04-22 22:02:57.123832,1.13534,1.13547
2025-04-22 22:02:58.040894,1.13535,1.13551
2025-04-22 22:02:58.252861,1.13534,1.13549
2025-04-22 22:02:58.563861,1.13533,1.13546
2025-04-22 22:03:00.642958,1.13533,1.13547
2025-04-22 22:03:01.199360,1.13533,1.13546
2025-04-22 22:03:01.306432,1.13533,1.13547
2025-04-22 22:03:01.623750,1.13526,1.13544
2025-04-22 22:03:02.195348,1.13533,1.13547
2025-04-22 22:03:03.429969,1.13534,1.13548
2025-04-22 22:03:03.929108,1.13542,1.13554
2025-04-22 22:03:04.194998,1.13546,1.13562
2025-04-22 22:03:04.758984,1.13549,1.13564
2025-04-22 22:03:05.199473,1.13546,1.13562
2025-04-22 22:03:05.480392,1.13534,1.13549
2025-04-22 22:03:05.798508,1.13527,1.13544
2025-04-22 22:03:06.032393,1.13527,1.13541
2025-04-22 22:03:06.708681,1.13523,1.13544
2025-04-22 22:03:07.054616,1.13527,1.13542
2025-04-22 22:03:07.457541,1.13526,1.13542
2025-04-22 22:03:07.736340,1.13529,1.13543
2025-04-22 22:03:08.113068,1.13529,1.13544
2025-04-22 22:03:10.631119,1.13528,1.13544
2025-04-22 22:03:12.290159,1.13524,1.13543
2025-04-22 22:03:12.997166,1.13524,1.13542
2025-04-22 22:03:13.071517,1.13524,1.13543
2025-04-22 22:03:14.024566,1.13523,1.13543
2025-04-22 22:03:14.212887,1.13522,1.13538
2025-04-22 22:03:14.513220,1.13523,1.13542
2025-04-22 22:03:14.824664,1.13524,1.13543
2025-04-22 22:03:15.168040,1.1352,1.13543
2025-04-22 22:03:15.441238,1.13516,1.13538
2025-04-22 22:03:15.685269,1.13528,1.13545
2025-04-22 22:03:15.946459,1.13527,1.13546
2025-04-22 22:03:16.784244,1.13527,1.13547
2025-04-22 22:03:16.986936,1.13529,1.13547
2025-04-22 22:03:17.377145,1.13522,1.13539
2025-04-22 22:03:17.647342,1.13522,1.13542
2025-04-22 22:03:18.151605,1.13523,1.1354
2025-04-22 22:03:18.562627,1.13524,1.13542
2025-04-22 22:03:19.448102,1.13526,1.13542
2025-04-22 22:03:19.730305,1.13525,1.13544
2025-04-22 22:03:20.229713,1.13524,1.13543
2025-04-22 22:03:20.987731,1.13523,1.13542
2025-04-22 22:03:21.175387,1.13523,1.1354
2025-04-22 22:03:21.457015,1.13522,1.13542
2025-04-22 22:03:21.862702,1.13524,1.13542
2025-04-22 22:03:22.856465,1.13523,1.13542
2025-04-22 22:03:24.446794,1.13523,1.13541
2025-04-22 22:03:25.222542,1.13522,1.13539
2025-04-22 22:03:25.964686,1.13524,1.13539
2025-04-22 22:03:26.307667,1.13523,1.13542
2025-04-22 22:03:26.564451,1.13521,1.13541
2025-04-22 22:03:26.800936,1.13522,1.1354
2025-04-22 22:03:27.115227,1.13523,1.13541
2025-04-22 22:03:27.932582,1.13523,1.13542
2025-04-22 22:03:29.160901,1.13517,1.13533
2025-04-22 22:03:29.343019,1.13524,1.13542
2025-04-22 22:03:30.732396,1.13528,1.13544
2025-04-22 22:03:31.062672,1.13529,1.13547
2025-04-22 22:03:31.650525,1.13526,1.13544
2025-04-22 22:03:34.055693,1.13525,1.13544
2025-04-22 22:03:34.623450,1.13518,1.13537
2025-04-22 22:03:36.107415,1.13516,1.13535
2025-04-22 22:03:36.534557,1.13532,1.13546
2025-04-22 22:03:36.918953,1.13532,1.13547
2025-04-22 22:03:38.445989,1.13527,1.13544
2025-04-22 22:03:38.682021,1.13526,1.13544
2025-04-22 22:03:39.112438,1.13528,1.13546
2025-04-22 22:03:39.798999,1.13525,1.13546
2025-04-22 22:03:40.035371,1.13521,1.13539
2025-04-22 22:03:41.414605,1.13522,1.13538
2025-04-22 22:03:42.590220,1.13521,1.13538
2025-04-22 22:03:43.476517,1.13526,1.13544
2025-04-22 22:03:44.185300,1.13522,1.13542
2025-04-22 22:03:44.458853,1.13515,1.13532
2025-04-22 22:03:44.776969,1.13515,1.13529
2025-04-22 22:03:45.496626,1.13516,1.13532
2025-04-22 22:03:46.310012,1.13515,1.13532
2025-04-22 22:03:46.432629,1.13515,1.13528
2025-04-22 22:03:46.993761,1.13515,1.1353
2025-04-22 22:03:47.404142,1.13515,1.13531
2025-04-22 22:03:47.658796,1.13507,1.13523
2025-04-22 22:03:48.036356,1.13502,1.13517
2025-04-22 22:03:48.590306,1.13506,1.13522
2025-04-22 22:03:48.726562,1.13502,1.13522
2025-04-22 22:03:49.116984,1.13505,1.13522
2025-04-22 22:03:49.614174,1.13502,1.13521
2025-04-22 22:03:49.833064,1.13503,1.1352
2025-04-22 22:03:50.134273,1.13509,1.13528
2025-04-22 22:03:50.383255,1.13507,1.13525
2025-04-22 22:03:50.583164,1.13507,1.13526
2025-04-22 22:03:51.001066,1.13508,1.13524
2025-04-22 22:03:51.287968,1.13498,1.13518
2025-04-22 22:03:51.519295,1.13498,1.13517
2025-04-22 22:03:51.614083,1.13496,1.13516
2025-04-22 22:03:51.753454,1.13495,1.13514
2025-04-22 22:03:52.145890,1.13495,1.13512
2025-04-22 22:03:52.192792,1.13495,1.13511
2025-04-22 22:03:52.742970,1.13495,1.13508
2025-04-22 22:03:53.866474,1.13495,1.13507
2025-04-22 22:03:54.285240,1.13495,1.13509
2025-04-22 22:03:54.648220,1.13495,1.13507
2025-04-22 22:03:54.972568,1.13495,1.13508
2025-04-22 22:03:55.746142,1.13495,1.1351
2025-04-22 22:03:56.445865,1.13495,1.13512
2025-04-22 22:03:57.055163,1.13495,1.13509
2025-04-22 22:03:57.394271,1.13489,1.13506
2025-04-22 22:03:57.675527,1.13498,1.13514
2025-04-22 22:03:58.287976,1.13497,1.13512
2025-04-22 22:03:58.693968,1.13498,1.13512
2025-04-22 22:03:58.946919,1.13497,1.13513
2025-04-22 22:03:59.351666,1.13498,1.13508
2025-04-22 22:03:59.980030,1.13497,1.13512
2025-04-22 22:04:00.696660,1.13497,1.1351
2025-04-22 22:04:01.119408,1.13497,1.13511
2025-04-22 22:04:03.047193,1.13497,1.13512
2025-04-22 22:04:04.048199,1.13497,1.13511
2025-04-22 22:04:04.673274,1.13497,1.13512
2025-04-22 22:04:05.406020,1.13497,1.13511
2025-04-22 22:04:06.108334,1.13497,1.1351
2025-04-22 22:04:06.500968,1.13495,1.13511
2025-04-22 22:04:06.748811,1.1347,1.13489
2025-04-22 22:04:07.222543,1.13493,1.13504
2025-04-22 22:04:07.693038,1.13487,1.13495
2025-04-22 22:04:07.992464,1.13493,1.13502
2025-04-22 22:04:08.641769,1.13493,1.13503
2025-04-22 22:04:09.132085,1.13495,1.13505
2025-04-22 22:04:10.270566,1.13496,1.13506
2025-04-22 22:04:10.763184,1.13495,1.13504
2025-04-22 22:04:11.555356,1.13496,1.13504
2025-04-22 22:04:13.195820,1.13491,1.13503
2025-04-22 22:04:14.469073,1.13486,1.13496
2025-04-22 22:04:14.865533,1.1348,1.13492
2025-04-22 22:04:15.354850,1.13472,1.13482
2025-04-22 22:04:16.112081,1.13474,1.13489
2025-04-22 22:04:16.715938,1.13474,1.13483
2025-04-22 22:04:17.187433,1.13474,1.13486
2025-04-22 22:04:18.132200,1.13478,1.13487
2025-04-22 22:04:18.267284,1.13482,1.1349
2025-04-22 22:04:18.563039,1.13489,1.13497
2025-04-22 22:04:19.400592,1.13491,1.135
2025-04-22 22:04:19.632404,1.13493,1.13501
2025-04-22 22:04:20.900510,1.13487,1.13495
2025-04-22 22:04:22.171231,1.13482,1.1349
2025-04-22 22:04:23.028815,1.13482,1.13494
2025-04-22 22:04:23.527513,1.13479,1.13489
2025-04-22 22:04:24.156838,1.1346,1.13478
2025-04-22 22:04:24.662635,1.13467,1.13478
2025-04-22 22:04:24.871275,1.13465,1.13478
2025-04-22 22:04:25.286747,1.13467,1.13479
2025-04-22 22:04:26.348602,1.13467,1.1348
2025-04-22 22:04:26.723843,1.13464,1.13473
2025-04-22 22:04:27.054938,1.13467,1.13475
2025-04-22 22:04:27.413339,1.1347,1.13479
2025-04-22 22:04:27.797596,1.13472,1.13482
2025-04-22 22:04:28.292363,1.13472,1.13485
2025-04-22 22:04:29.313345,1.13472,1.1348
2025-04-22 22:04:30.630602,1.13472,1.13481
2025-04-22 22:04:32.344307,1.13466,1.13481
2025-04-22 22:04:32.658714,1.13464,1.13472
2025-04-22 22:04:32.963328,1.13463,1.13471
2025-04-22 22:04:33.776946,1.13455,1.13467
2025-04-22 22:04:34.143150,1.13451,1.13466
2025-04-22 22:04:34.461037,1.13433,1.13447
2025-04-22 22:04:35.016954,1.13435,1.13443
2025-04-22 22:04:35.518014,1.13428,1.13446
2025-04-22 22:04:35.899824,1.13434,1.13442
2025-04-22 22:04:36.197250,1.13434,1.13447
2025-04-22 22:04:36.696560,1.13429,1.13443
2025-04-22 22:04:37.100600,1.13432,1.13448
2025-04-22 22:04:37.518915,1.13431,1.13447
2025-04-22 22:04:38.220291,1.13432,1.1344
2025-04-22 22:04:38.725540,1.1343,1.13447
2025-04-22 22:04:39.671585,1.13427,1.13437
2025-04-22 22:04:40.851007,1.13419,1.13435
2025-04-22 22:04:41.123603,1.13418,1.13429
2025-04-22 22:04:41.543902,1.13426,1.13436
2025-04-22 22:04:41.770564,1.13428,1.13444
2025-04-22 22:04:42.678096,1.13426,1.13436
2025-04-22 22:04:43.175093,1.13418,1.1343
2025-04-22 22:04:44.585028,1.13418,1.13435
2025-04-22 22:04:45.326123,1.13417,1.13427
2025-04-22 22:04:45.630459,1.13412,1.13427
2025-04-22 22:04:46.124532,1.13409,1.13421
2025-04-22 22:04:46.633272,1.13406,1.13422
2025-04-22 22:04:47.236342,1.13406,1.13419
2025-04-22 22:04:47.473067,1.13405,1.13417
2025-04-22 22:04:47.812404,1.13403,1.1342
2025-04-22 22:04:48.142904,1.13406,1.13427
2025-04-22 22:04:49.185904,1.13405,1.13427
2025-04-22 22:04:49.434740,1.13404,1.13419
2025-04-22 22:04:49.687768,1.13406,1.13419
2025-04-22 22:04:50.044150,1.13401,1.13417
2025-04-22 22:04:50.720948,1.13399,1.13417
2025-04-22 22:04:50.948791,1.13399,1.13419
2025-04-22 22:04:52.498439,1.13404,1.13414
2025-04-22 22:04:52.998105,1.13414,1.13424
2025-04-22 22:04:53.505672,1.13416,1.13424
2025-04-22 22:04:53.641016,1.13418,1.13428
2025-04-22 22:04:54.395588,1.13419,1.13434
2025-04-22 22:04:55.722174,1.13416,1.13432
2025-04-22 22:04:56.716938,1.13416,1.13435
2025-04-22 22:04:56.938938,1.13419,1.13432
2025-04-22 22:04:57.981026,1.13421,1.13438
2025-04-22 22:04:58.483103,1.13428,1.13447
2025-04-22 22:04:58.974804,1.13428,1.13445
2025-04-22 22:04:59.460468,1.13435,1.13446
2025-04-22 22:04:59.701499,1.13436,1.13448
2025-04-22 22:04:59.939423,1.13446,1.13457
2025-04-22 22:05:00.350261,1.13452,1.13461
2025-04-22 22:05:00.552178,1.13452,1.13462
2025-04-22 22:05:01.162665,1.13452,1.13463
2025-04-22 22:05:01.669293,1.13451,1.13462
2025-04-22 22:05:02.274559,1.1345,1.13461
2025-04-22 22:05:02.509959,1.13448,1.13459
2025-04-22 22:05:02.759198,1.13441,1.13452
2025-04-22 22:05:03.839531,1.1344,1.13451
2025-04-22 22:05:04.339670,1.13439,1.1345
2025-04-22 22:05:04.842747,1.13443,1.13454
2025-04-22 22:05:05.222400,1.13442,1.13453
2025-04-22 22:05:05.404315,1.13444,1.13455
2025-04-22 22:05:06.218372,1.13441,1.13452
2025-04-22 22:05:06.722188,1.1344,1.13451
2025-04-22 22:05:07.082915,1.13439,1.13449
2025-04-22 22:05:07.319658,1.13443,1.13454
2025-04-22 22:05:07.478695,1.13439,1.1345
2025-04-22 22:05:08.054992,1.1344,1.13451
2025-04-22 22:05:08.515185,1.13439,1.1345
2025-04-22 22:05:08.913430,1.13438,1.13449
2025-04-22 22:05:09.361603,1.13437,1.13448
2025-04-22 22:05:10.007182,1.13433,1.13444
2025-04-22 22:05:10.163793,1.13432,1.13443
2025-04-22 22:05:11.136736,1.13431,1.13442
2025-04-22 22:05:11.785367,1.13432,1.13443
2025-04-22 22:05:12.466343,1.13428,1.13439
2025-04-22 22:05:18.172058,1.13429,1.13439
2025-04-22 22:05:19.464484,1.13429,1.1344
2025-04-22 22:05:20.224613,1.1344,1.13451
2025-04-22 22:05:20.453881,1.13434,1.13445
2025-04-22 22:05:20.735522,1.13433,1.13444
2025-04-22 22:05:20.949718,1.13436,1.13447
2025-04-22 22:05:21.954943,1.13436,1.13448
2025-04-22 22:05:22.048185,1.13428,1.13439
2025-04-22 22:05:23.977833,1.13427,1.13438
2025-04-22 22:05:24.233222,1.13421,1.13432
2025-04-22 22:05:24.798176,1.13423,1.13442
2025-04-22 22:05:25.096989,1.1344,1.13451
2025-04-22 22:05:25.295291,1.13439,1.1345
2025-04-22 22:05:25.622773,1.13428,1.13439
2025-04-22 22:05:26.894501,1.13421,1.13443
2025-04-22 22:05:26.960196,1.13407,1.13425
2025-04-22 22:05:27.345166,1.13404,1.13431
2025-04-22 22:05:29.037817,1.13404,1.13426
2025-04-22 22:05:30.254686,1.13405,1.13426
2025-04-22 22:05:32.236249,1.13405,1.13427
2025-04-22 22:05:32.486346,1.13409,1.13426
2025-04-22 22:05:32.773418,1.13414,1.13425
2025-04-22 22:05:33.297357,1.13413,1.13424
2025-04-22 22:05:33.547533,1.13428,1.13439
2025-04-22 22:05:33.876898,1.13431,1.13443
2025-04-22 22:05:34.112175,1.13435,1.13446
2025-04-22 22:05:34.297679,1.13443,1.13458
2025-04-22 22:05:34.507070,1.13444,1.13457
2025-04-22 22:05:34.723957,1.13443,1.13458
2025-04-22 22:05:34.897093,1.13442,1.13453
2025-04-22 22:05:35.667118,1.13434,1.13445
2025-04-22 22:05:35.750336,1.13435,1.13446
2025-04-22 22:05:36.482213,1.13446,1.13457
2025-04-22 22:05:36.891278,1.13444,1.13455
2025-04-22 22:05:38.174352,1.13443,1.13454
2025-04-22 22:05:39.544606,1.13447,1.13458
2025-04-22 22:05:39.902020,1.1345,1.13461
2025-04-22 22:05:40.169831,1.13449,1.1346
2025-04-22 22:05:41.589149,1.1345,1.13461
2025-04-22 22:05:42.018604,1.13451,1.13462
2025-04-22 22:05:42.980082,1.13457,1.13468
2025-04-22 22:05:44.078194,1.13452,1.13463
2025-04-22 22:05:46.373003,1.13451,1.13462
2025-04-22 22:05:46.641451,1.1345,1.13461
2025-04-22 22:05:47.302003,1.13449,1.1346
2025-04-22 22:05:47.481823,1.13445,1.13456
2025-04-22 22:05:47.559176,1.13441,1.13454
2025-04-22 22:05:47.959791,1.13443,1.13461
2025-04-22 22:05:48.847396,1.13445,1.13456
2025-04-22 22:05:49.634596,1.13439,1.13451
2025-04-22 22:05:50.229276,1.13438,1.13449
2025-04-22 22:05:52.872191,1.13437,1.13448
2025-04-22 22:05:55.015402,1.13438,1.13451
2025-04-22 22:05:55.513687,1.13439,1.1345
2025-04-22 22:05:56.011371,1.1344,1.13451
2025-04-22 22:05:57.009579,1.13436,1.13448
2025-04-22 22:05:57.661479,1.13435,1.13446
2025-04-22 22:05:57.933285,1.13433,1.13443
2025-04-22 22:05:58.572481,1.13439,1.1345
2025-04-22 22:06:00.672442,1.1344,1.13451
2025-04-22 22:06:01.257535,1.13439,1.1345
2025-04-22 22:06:01.988889,1.1344,1.13451
2025-04-22 22:06:02.755345,1.13439,1.1345
2025-04-22 22:06:04.908765,1.13438,1.13449
2025-04-22 22:06:05.387975,1.13437,1.13448
2025-04-22 22:06:05.796182,1.13438,1.13449
2025-04-22 22:06:07.079623,1.13437,1.13448
2025-04-22 22:06:08.692972,1.13438,1.13449
2025-04-22 22:06:08.907548,1.13434,1.1345
2025-04-22 22:06:09.146392,1.13436,1.13447
2025-04-22 22:06:11.185621,1.13434,1.13445
2025-04-22 22:06:11.881829,1.13439,1.1345
2025-04-22 22:06:12.356564,1.13438,1.13449
2025-04-22 22:06:12.702982,1.13437,1.13448
2025-04-22 22:06:13.477137,1.13433,1.13444
2025-04-22 22:06:13.927135,1.13432,1.13443
2025-04-22 22:06:14.439920,1.13433,1.13443
2025-04-22 22:06:14.928954,1.13433,1.13442
2025-04-22 22:06:15.416121,1.13435,1.13446
2025-04-22 22:06:15.835096,1.13434,1.13445
2025-04-22 22:06:18.760685,1.13431,1.13442
2025-04-22 22:06:19.124917,1.13424,1.13435
2025-04-22 22:06:20.565474,1.13425,1.13436
2025-04-22 22:06:20.949616,1.13438,1.13447
2025-04-22 22:06:22.050295,1.13431,1.13442
2025-04-22 22:06:22.652638,1.13432,1.13443
2025-04-22 22:06:24.060677,1.13397,1.13411
2025-04-22 22:06:24.356442,1.13397,1.13423
2025-04-22 22:06:24.587894,1.13397,1.13412
2025-04-22 22:06:24.913893,1.13397,1.13409
2025-04-22 22:06:25.428250,1.13398,1.13409
2025-04-22 22:06:27.243470,1.13399,1.1341
2025-04-22 22:06:28.202395,1.13383,1.13395
2025-04-22 22:06:28.385031,1.13377,1.13388
2025-04-22 22:06:28.906281,1.13381,1.13392
2025-04-22 22:06:29.162585,1.13377,1.13388
2025-04-22 22:06:30.159568,1.13376,1.13387
2025-04-22 22:06:30.518090,1.13374,1.13385
2025-04-22 22:06:30.642734,1.13375,1.13386
2025-04-22 22:06:31.593204,1.13374,1.13385
2025-04-22 22:06:32.501787,1.13375,1.13386
2025-04-22 22:06:33.097987,1.13366,1.13377
2025-04-22 22:06:34.495808,1.13359,1.13374
2025-04-22 22:06:34.783464,1.13349,1.1336
2025-04-22 22:06:35.178371,1.13352,1.13363
2025-04-22 22:06:37.873461,1.13355,1.13366
2025-04-22 22:06:38.399136,1.13359,1.1337
2025-04-22 22:06:39.518290,1.13351,1.13372
2025-04-22 22:06:39.802604,1.13369,1.1338
2025-04-22 22:06:40.084361,1.13372,1.13383
2025-04-22 22:06:40.331648,1.13356,1.13367
2025-04-22 22:06:40.578192,1.13358,1.13369
2025-04-22 22:06:41.100668,1.13359,1.13381
2025-04-22 22:06:41.842882,1.1336,1.13371
2025-04-22 22:06:42.261443,1.13367,1.13378
2025-04-22 22:06:42.830173,1.13368,1.13379
2025-04-22 22:06:43.676776,1.1336,1.13384
2025-04-22 22:06:44.474718,1.13353,1.13364
2025-04-22 22:06:44.865394,1.13348,1.13359
2025-04-22 22:06:45.056845,1.13351,1.13362
2025-04-22 22:06:45.624712,1.13357,1.13377
2025-04-22 22:06:46.475978,1.13358,1.13377
2025-04-22 22:06:47.324708,1.13361,1.13373
2025-04-22 22:06:48.319436,1.13353,1.13364
2025-04-22 22:06:48.514819,1.13339,1.1335
2025-04-22 22:06:49.292425,1.13338,1.13349
2025-04-22 22:06:49.859289,1.13337,1.13348
2025-04-22 22:06:50.526154,1.13336,1.13347
2025-04-22 22:06:50.931650,1.13339,1.13349
2025-04-22 22:06:51.376424,1.13345,1.13356
2025-04-22 22:06:51.763369,1.13346,1.13357
2025-04-22 22:06:52.041285,1.13353,1.13364
2025-04-22 22:06:52.437538,1.13354,1.13365
2025-04-22 22:06:54.410563,1.13355,1.13366
2025-04-22 22:06:54.770821,1.13367,1.13378
2025-04-22 22:06:55.038497,1.13373,1.13384
2025-04-22 22:06:55.343215,1.13362,1.13387
2025-04-22 22:06:55.666957,1.13373,1.13384
2025-04-22 22:06:56.436624,1.13383,1.13394
2025-04-22 22:06:57.066694,1.13379,1.1339
2025-04-22 22:06:57.453808,1.13378,1.13389
2025-04-22 22:06:59.038282,1.13374,1.13385
2025-04-22 22:06:59.415631,1.13374,1.13384
2025-04-22 22:06:59.533399,1.13373,1.13384
2025-04-22 22:07:00.029070,1.13378,1.13389
2025-04-22 22:07:00.276517,1.13379,1.1339
2025-04-22 22:07:00.610075,1.13381,1.13392
2025-04-22 22:07:01.557810,1.13392,1.13403
2025-04-22 22:07:02.480694,1.134,1.13411
2025-04-22 22:07:02.975964,1.13401,1.13412
2025-04-22 22:07:03.358464,1.13391,1.13412
2025-04-22 22:07:03.807913,1.1339,1.13404
2025-04-22 22:07:04.015650,1.13399,1.1341
2025-04-22 22:07:04.560056,1.13398,1.13409
2025-04-22 22:07:04.950640,1.13382,1.13401
2025-04-22 22:07:05.632969,1.13386,1.13394
2025-04-22 22:07:06.331608,1.13382,1.13393
2025-04-22 22:07:06.537752,1.13386,1.13394
2025-04-22 22:07:07.364868,1.13382,1.13393
2025-04-22 22:07:07.603864,1.13385,1.13396
2025-04-22 22:07:08.105718,1.13388,1.13399
2025-04-22 22:07:08.414930,1.1338,1.13401
2025-04-22 22:07:08.923629,1.13386,1.13394
2025-04-22 22:07:10.011401,1.13382,1.13393
2025-04-22 22:07:10.515215,1.13385,1.13393
2025-04-22 22:07:11.331518,1.13398,1.13409
2025-04-22 22:07:11.832744,1.13391,1.13403
2025-04-22 22:07:12.184704,1.13397,1.13408
2025-04-22 22:07:12.344047,1.13383,1.13403
2025-04-22 22:07:12.724505,1.13386,1.13397
2025-04-22 22:07:13.211295,1.13387,1.13398
2025-04-22 22:07:14.390746,1.1339,1.13402
2025-04-22 22:07:15.785164,1.13386,1.13406
2025-04-22 22:07:15.849988,1.13387,1.13407
2025-04-22 22:07:16.716103,1.134,1.13411
2025-04-22 22:07:16.949310,1.13401,1.13412
2025-04-22 22:07:17.465290,1.13398,1.13409
2025-04-22 22:07:17.963328,1.13396,1.13407
2025-04-22 22:07:18.156107,1.13388,1.13407
2025-04-22 22:07:18.442938,1.134,1.13411
2025-04-22 22:07:18.929003,1.1339,1.13402
2025-04-22 22:07:19.258122,1.13397,1.13408
2025-04-22 22:07:19.930197,1.1339,1.13405
2025-04-22 22:07:20.478220,1.13396,1.13407
2025-04-22 22:07:21.317425,1.13399,1.1341
2025-04-22 22:07:21.522997,1.13402,1.13413
2025-04-22 22:07:22.589296,1.13389,1.134
2025-04-22 22:07:23.231718,1.13398,1.13408
2025-04-22 22:07:25.985745,1.13388,1.134
2025-04-22 22:07:26.231016,1.13389,1.134
2025-04-22 22:07:26.684075,1.1339,1.13401
2025-04-22 22:07:27.190101,1.13382,1.13391
2025-04-22 22:07:27.918238,1.13384,1.13399
2025-04-22 22:07:28.289430,1.13385,1.13396
2025-04-22 22:07:28.860605,1.13386,1.13397
2025-04-22 22:07:29.535488,1.13385,1.13396
2025-04-22 22:07:31.153217,1.13384,1.13395
2025-04-22 22:07:32.785698,1.1338,1.13391
2025-04-22 22:07:33.688078,1.13385,1.13396
2025-04-22 22:07:38.305187,1.13386,1.13396
2025-04-22 22:07:38.935287,1.13374,1.13385
2025-04-22 22:07:39.431032,1.13358,1.13369
2025-04-22 22:07:40.606262,1.13357,1.13368
2025-04-22 22:07:41.426861,1.13349,1.13361
2025-04-22 22:07:41.881470,1.13349,1.1336
2025-04-22 22:07:42.283837,1.13355,1.13369
2025-04-22 22:07:43.439761,1.13358,1.13369
2025-04-22 22:07:43.551182,1.13362,1.13373
2025-04-22 22:07:43.729926,1.13357,1.13373
2025-04-22 22:07:46.704268,1.13361,1.13372
2025-04-22 22:07:49.644750,1.13366,1.13377
2025-04-22 22:07:50.135603,1.13371,1.13382
2025-04-22 22:07:50.666352,1.13366,1.13384
2025-04-22 22:07:50.956442,1.13369,1.1338
2025-04-22 22:07:51.862400,1.1337,1.13382
2025-04-22 22:07:52.327842,1.13377,1.13388
2025-04-22 22:07:52.769517,1.13385,1.13396
2025-04-22 22:07:52.979340,1.13393,1.13404
2025-04-22 22:07:53.478386,1.13403,1.13414
2025-04-22 22:07:53.671376,1.13393,1.13404
2025-04-22 22:07:54.178947,1.13392,1.13403
2025-04-22 22:07:54.589689,1.13393,1.13404
2025-04-22 22:07:57.012200,1.13385,1.13396
2025-04-22 22:08:00.082064,1.13384,1.13395
2025-04-22 22:08:01.229714,1.13382,1.13393
2025-04-22 22:08:01.935614,1.13381,1.13392
2025-04-22 22:08:03.302580,1.13386,1.13398
2025-04-22 22:08:11.536001,1.13395,1.13406
2025-04-22 22:08:11.771908,1.1339,1.13408
2025-04-22 22:08:13.320356,1.13394,1.13405
2025-04-22 22:08:13.584031,1.13393,1.13404
2025-04-22 22:08:14.083642,1.1339,1.13408
2025-04-22 22:08:14.964764,1.13389,1.13408
2025-04-22 22:08:15.466005,1.13394,1.13405
2025-04-22 22:08:15.862340,1.13396,1.13407
2025-04-22 22:08:16.470905,1.13394,1.13405
2025-04-22 22:08:18.241948,1.13393,1.13404
2025-04-22 22:08:18.775861,1.13395,1.13406
2025-04-22 22:08:19.610586,1.13396,1.13407
2025-04-22 22:08:19.892238,1.134,1.13411
2025-04-22 22:08:20.263920,1.13397,1.13408
2025-04-22 22:08:21.099214,1.13396,1.13407
2025-04-22 22:08:21.612452,1.13399,1.1341
2025-04-22 22:08:22.603929,1.13391,1.13404
2025-04-22 22:08:23.526864,1.13391,1.13402
2025-04-22 22:08:24.960584,1.13396,1.13407
2025-04-22 22:08:25.197517,1.134,1.13411
2025-04-22 22:08:26.823992,1.134,1.13412
2025-04-22 22:08:27.719055,1.13403,1.13414
2025-04-22 22:08:28.235696,1.13404,1.13415
2025-04-22 22:08:28.622264,1.13403,1.13415
2025-04-22 22:08:28.921576,1.13402,1.13415
2025-04-22 22:08:29.894341,1.13412,1.13423
2025-04-22 22:08:30.999717,1.13418,1.13429
2025-04-22 22:08:31.868952,1.13419,1.1343
2025-04-22 22:08:35.743304,1.13416,1.13427
2025-04-22 22:08:38.166146,1.13415,1.13426
2025-04-22 22:08:39.321812,1.13415,1.13427
2025-04-22 22:08:40.033294,1.13425,1.13436
2025-04-22 22:08:40.632706,1.13434,1.13445
2025-04-22 22:08:42.514143,1.13439,1.13452
2025-04-22 22:08:42.840404,1.13445,1.13456
2025-04-22 22:08:43.223542,1.1345,1.13463
2025-04-22 22:08:44.674426,1.13444,1.13453
2025-04-22 22:08:45.172547,1.13385,1.13403
2025-04-22 22:08:45.670526,1.13389,1.134
2025-04-22 22:08:46.140858,1.13392,1.13403
2025-04-22 22:08:46.530105,1.13393,1.13406
2025-04-22 22:08:47.174695,1.13393,1.13402
2025-04-22 22:08:47.441727,1.13394,1.13402
2025-04-22 22:08:47.890562,1.13392,1.13401
2025-04-22 22:08:48.398041,1.13391,1.13401
2025-04-22 22:08:48.626180,1.13392,1.13401
2025-04-22 22:08:49.002423,1.13392,1.13403
2025-04-22 22:08:50.400996,1.13393,1.13403
2025-04-22 22:08:51.771644,1.1339,1.13401
2025-04-22 22:08:52.112546,1.13392,1.13401
2025-04-22 22:08:52.606083,1.1339,1.13401
2025-04-22 22:08:55.279750,1.13391,1.134
2025-04-22 22:08:58.274319,1.13389,1.134
2025-04-22 22:08:58.502398,1.13392,1.13402
2025-04-22 22:08:58.824141,1.13394,1.13402
2025-04-22 22:08:59.522118,1.13393,1.13401
2025-04-22 22:09:00.224587,1.13384,1.13413
2025-04-22 22:09:00.814401,1.13397,1.13405
2025-04-22 22:09:01.204495,1.13389,1.134
2025-04-22 22:09:01.692022,1.13388,1.13399
2025-04-22 22:09:01.904009,1.13391,1.13399
2025-04-22 22:09:02.713677,1.13392,1.134
2025-04-22 22:09:03.730904,1.13392,1.13402
2025-04-22 22:09:05.211845,1.13391,1.13401
2025-04-22 22:09:05.426253,1.13389,1.134
2025-04-22 22:09:06.779910,1.13391,1.13402
2025-04-22 22:09:07.288688,1.13391,1.13401
2025-04-22 22:09:08.784382,1.13391,1.13402
2025-04-22 22:09:09.617793,1.13392,1.13402
2025-04-22 22:09:10.582115,1.13391,1.13401
2025-04-22 22:09:11.443469,1.1339,1.13401
2025-04-22 22:09:11.749962,1.13393,1.13411
2025-04-22 22:09:12.155256,1.13396,1.13407
2025-04-22 22:09:13.676136,1.13394,1.13405
2025-04-22 22:09:14.937576,1.13389,1.134
2025-04-22 22:09:15.435073,1.13395,1.13404
2025-04-22 22:09:15.819114,1.13393,1.13402
2025-04-22 22:09:17.159673,1.13391,1.13403
2025-04-22 22:09:17.529015,1.13393,1.13402
2025-04-22 22:09:18.037011,1.13391,1.13402
2025-04-22 22:09:18.341662,1.13384,1.13402
2025-04-22 22:09:19.436471,1.13391,1.13402
2025-04-22 22:09:20.356787,1.13398,1.13409
2025-04-22 22:09:21.695247,1.13395,1.13409
2025-04-22 22:09:22.272440,1.13393,1.13402
2025-04-22 22:09:24.261911,1.13392,1.13402
2025-04-22 22:09:24.921982,1.13393,1.13401
2025-04-22 22:09:28.071476,1.1339,1.134
2025-04-22 22:09:28.892768,1.13387,1.13397
2025-04-22 22:09:29.141983,1.13393,1.13404
2025-04-22 22:09:29.869636,1.13393,1.13403
2025-04-22 22:09:31.193254,1.13395,1.13404
2025-04-22 22:09:31.689395,1.13396,1.13405
2025-04-22 22:09:32.261717,1.13391,1.13402
2025-04-22 22:09:32.530776,1.13394,1.13403
2025-04-22 22:09:33.405770,1.13392,1.13403
2025-04-22 22:09:33.603492,1.13393,1.13402
2025-04-22 22:09:35.459891,1.13394,1.13406
2025-04-22 22:09:36.519584,1.13393,1.13404
2025-04-22 22:09:37.010331,1.13392,1.13403
2025-04-22 22:09:37.270204,1.13394,1.13404
2025-04-22 22:09:37.598852,1.13393,1.13402
2025-04-22 22:09:37.884384,1.13393,1.13403
2025-04-22 22:09:38.857673,1.13393,1.13402
2025-04-22 22:09:39.263129,1.13394,1.13406
2025-04-22 22:09:39.638193,1.13397,1.13406
2025-04-22 22:09:39.892606,1.13404,1.13415
2025-04-22 22:09:40.066800,1.13408,1.13419
2025-04-22 22:09:40.224021,1.13427,1.13438
2025-04-22 22:09:40.700080,1.13438,1.13449
2025-04-22 22:09:41.086340,1.13454,1.13465
2025-04-22 22:09:41.653266,1.13456,1.13467
2025-04-22 22:09:41.884724,1.13455,1.13466
2025-04-22 22:09:42.094176,1.13454,1.13465
2025-04-22 22:09:42.578231,1.13438,1.13449
2025-04-22 22:09:43.626645,1.13434,1.13447
2025-04-22 22:09:43.702087,1.13429,1.1344
2025-04-22 22:09:47.371971,1.13431,1.13442
2025-04-22 22:09:47.470577,1.13467,1.13485
2025-04-22 22:09:48.026750,1.13467,1.1348
2025-04-22 22:09:49.244727,1.13459,1.13482
2025-04-22 22:09:50.425870,1.13458,1.13482
2025-04-22 22:09:50.919100,1.13464,1.13482
2025-04-22 22:09:51.404082,1.13461,1.13483
2025-04-22 22:09:52.225925,1.1346,1.13482
