timestamp,bid,ask
2025-04-22 11:51:22.792443,63.42,63.46
2025-04-22 11:51:32.286904,63.42,63.45
2025-04-22 11:51:37.222410,63.43,63.48
2025-04-22 11:51:38.898788,63.41,63.46
2025-04-22 11:51:43.514317,63.39,63.42
2025-04-22 11:51:45.525193,63.38,63.42
2025-04-22 11:51:55.310353,63.37,63.42
2025-04-22 11:51:56.363127,63.39,63.43
2025-04-22 11:51:58.581382,63.36,63.41
2025-04-22 11:51:58.874914,63.33,63.38
2025-04-22 11:51:59.618852,63.34,63.37
2025-04-22 11:52:00.234139,63.37,63.41
2025-04-22 11:52:03.282973,63.36,63.4
2025-04-22 11:52:06.100613,63.35,63.4
2025-04-22 11:52:06.801282,63.33,63.36
2025-04-22 11:52:08.367549,63.34,63.38
2025-04-22 11:52:08.704207,63.32,63.36
2025-04-22 11:52:08.916490,63.32,63.35
2025-04-22 11:52:16.225917,63.32,63.37
2025-04-22 11:52:18.520745,63.32,63.36
2025-04-22 11:52:21.905196,63.33,63.38
2025-04-22 11:52:22.202430,63.35,63.39
2025-04-22 11:52:25.852108,63.33,63.38
2025-04-22 11:52:27.444627,63.36,63.4
2025-04-22 12:15:52.033692,63.23,63.27
2025-04-22 12:15:54.288583,63.24,63.28
2025-04-22 12:16:00.375374,63.22,63.27
2025-04-22 20:55:13.266492,63.47,63.51
2025-04-22 20:55:15.187895,63.5,63.54
2025-04-22 20:55:17.280181,63.49,63.53
2025-04-22 20:55:57.515961,63.51,63.55
2025-04-22 20:56:44.957184,63.53,63.57
2025-04-22 20:56:46.452486,63.54,63.58
2025-04-22 20:57:01.150182,63.55,63.59
2025-04-22 20:57:05.453114,63.54,63.58
2025-04-22 20:57:23.952598,63.55,63.59
2025-04-22 20:57:43.415115,63.52,63.56
2025-04-22 20:58:16.275222,63.55,63.59
2025-04-22 20:58:19.093657,63.52,63.56
2025-04-22 20:58:23.537474,63.54,63.58
2025-04-22 20:58:44.768403,63.51,63.55
2025-04-22 20:58:49.218699,63.52,63.56
2025-04-22 20:58:59.499038,63.55,63.59
2025-04-22 20:59:01.358067,63.53,63.57
2025-04-22 20:59:04.627805,63.51,63.55
2025-04-22 20:59:05.969195,63.53,63.57
2025-04-22 20:59:06.689961,63.52,63.56
2025-04-22 20:59:18.459020,63.53,63.57
2025-04-22 20:59:22.203423,63.54,63.58
2025-04-22 20:59:35.578134,63.53,63.57
2025-04-22 20:59:45.043942,63.52,63.56
2025-04-22 20:59:45.605423,63.53,63.57
2025-04-22 20:59:58.595891,63.51,63.55
2025-04-22 21:59:59.507892,64.0,64.04
2025-04-22 22:00:00.053440,63.95,64.0
2025-04-22 22:00:00.573633,63.89,63.94
2025-04-22 22:00:01.206365,63.89,63.93
2025-04-22 22:00:01.376825,63.88,63.93
2025-04-22 22:00:01.407386,63.89,63.93
2025-04-22 22:00:01.547674,63.88,63.93
2025-04-22 22:00:01.779919,63.88,63.92
2025-04-22 22:00:02.086007,63.87,63.91
2025-04-22 22:00:02.599916,63.83,63.87
2025-04-22 22:00:03.228859,63.86,63.9
2025-04-22 22:00:03.326775,63.88,63.92
2025-04-22 22:00:03.772017,63.85,63.9
2025-04-22 22:00:04.263113,63.86,63.92
2025-04-22 22:00:04.759288,63.83,63.87
2025-04-22 22:00:05.265491,63.84,63.88
2025-04-22 22:00:06.258437,63.84,63.89
2025-04-22 22:00:08.442157,63.87,63.91
2025-04-22 22:00:08.784778,63.82,63.87
2025-04-22 22:00:09.511853,63.85,63.89
2025-04-22 22:00:09.868831,63.82,63.86
2025-04-22 22:00:10.771181,63.8,63.85
2025-04-22 22:00:11.409487,63.81,63.85
2025-04-22 22:00:11.812228,63.81,63.86
2025-04-22 22:00:12.189548,63.79,63.83
2025-04-22 22:00:13.095572,63.8,63.85
2025-04-22 22:00:14.227970,63.79,63.83
2025-04-22 22:00:16.607679,63.78,63.83
2025-04-22 22:00:17.665833,63.82,63.86
2025-04-22 22:00:17.960062,63.78,63.83
2025-04-22 22:00:18.458211,63.77,63.81
2025-04-22 22:00:19.987446,63.77,63.83
2025-04-22 22:00:20.285069,63.79,63.86
2025-04-22 22:00:20.532538,63.76,63.83
2025-04-22 22:00:20.882383,63.78,63.84
2025-04-22 22:00:21.707495,63.76,63.8
2025-04-22 22:00:21.982620,63.75,63.8
2025-04-22 22:00:22.604963,63.76,63.81
2025-04-22 22:00:23.612122,63.75,63.79
2025-04-22 22:00:24.450703,63.76,63.8
2025-04-22 22:00:25.587781,63.75,63.8
2025-04-22 22:00:27.618350,63.77,63.81
2025-04-22 22:00:29.186377,63.78,63.83
2025-04-22 22:00:29.445517,63.76,63.8
2025-04-22 22:00:29.625021,63.75,63.8
2025-04-22 22:00:30.132754,63.78,63.82
2025-04-22 22:00:30.751488,63.77,63.83
2025-04-22 22:00:30.977162,63.75,63.79
2025-04-22 22:00:31.607950,63.78,63.82
2025-04-22 22:00:32.213667,63.77,63.81
2025-04-22 22:00:33.641832,63.74,63.79
2025-04-22 22:00:34.796431,63.74,63.78
2025-04-22 22:00:35.879818,63.74,63.79
2025-04-22 22:00:36.550357,63.75,63.79
2025-04-22 22:00:36.642772,63.77,63.82
2025-04-22 22:00:37.211328,63.75,63.8
2025-04-22 22:00:37.428868,63.77,63.82
2025-04-22 22:00:37.724352,63.76,63.8
2025-04-22 22:00:39.140222,63.76,63.81
2025-04-22 22:00:39.750123,63.75,63.79
2025-04-22 22:00:40.515443,63.76,63.8
2025-04-22 22:00:40.823821,63.74,63.8
2025-04-22 22:00:41.939961,63.75,63.79
2025-04-22 22:00:42.604786,63.76,63.81
2025-04-22 22:00:43.723952,63.77,63.82
2025-04-22 22:00:44.737362,63.79,63.84
2025-04-22 22:00:46.634204,63.78,63.84
2025-04-22 22:00:47.476977,63.76,63.82
2025-04-22 22:00:49.881325,63.77,63.81
2025-04-22 22:00:52.205921,63.78,63.82
2025-04-22 22:00:54.212261,63.77,63.82
2025-04-22 22:00:54.444945,63.78,63.84
2025-04-22 22:00:55.166405,63.76,63.82
2025-04-22 22:00:56.701165,63.78,63.83
2025-04-22 22:00:58.356815,63.78,63.82
2025-04-22 22:00:59.185346,63.76,63.81
2025-04-22 22:00:59.389651,63.78,63.82
2025-04-22 22:00:59.713573,63.76,63.8
2025-04-22 22:01:00.458336,63.77,63.82
2025-04-22 22:01:00.759269,63.77,63.81
2025-04-22 22:01:01.788698,63.75,63.8
2025-04-22 22:01:02.324679,63.77,63.81
2025-04-22 22:01:02.949667,63.75,63.8
2025-04-22 22:01:03.528324,63.76,63.8
2025-04-22 22:01:08.600669,63.79,63.83
2025-04-22 22:01:10.738316,63.8,63.84
2025-04-22 22:01:11.705303,63.79,63.83
2025-04-22 22:01:12.150130,63.81,63.86
2025-04-22 22:01:12.830277,63.81,63.85
2025-04-22 22:01:14.736591,63.79,63.83
2025-04-22 22:01:16.138846,63.81,63.85
2025-04-22 22:01:17.259875,63.85,63.89
2025-04-22 22:01:17.492244,63.86,63.91
2025-04-22 22:01:18.609292,63.85,63.89
2025-04-22 22:01:19.045940,63.86,63.91
2025-04-22 22:01:19.293581,63.82,63.87
2025-04-22 22:01:21.556127,63.81,63.87
2025-04-22 22:01:36.509768,63.95,63.99
2025-04-22 22:01:37.692394,63.95,64.0
2025-04-22 22:01:37.902337,63.97,64.01
2025-04-22 22:01:39.000368,63.95,64.0
2025-04-22 22:01:39.454106,63.97,64.02
2025-04-22 22:01:39.749708,63.97,64.01
2025-04-22 22:01:39.914507,63.96,64.0
2025-04-22 22:01:40.793643,63.98,64.02
2025-04-22 22:01:41.403247,63.96,64.01
2025-04-22 22:01:41.874853,63.99,64.03
2025-04-22 22:01:42.315114,63.98,64.02
2025-04-22 22:01:44.006060,64.0,64.05
2025-04-22 22:01:44.729803,63.98,64.03
2025-04-22 22:01:45.006123,63.97,64.03
2025-04-22 22:01:45.281568,63.99,64.05
2025-04-22 22:01:45.505221,63.98,64.03
2025-04-22 22:01:46.749425,64.02,64.06
2025-04-22 22:01:47.850010,64.01,64.06
2025-04-22 22:01:48.722381,64.03,64.07
2025-04-22 22:01:50.366128,63.98,64.04
2025-04-22 22:01:50.551505,64.01,64.06
2025-04-22 22:01:52.034175,64.01,64.07
2025-04-22 22:01:54.203717,64.02,64.07
2025-04-22 22:01:54.824266,64.03,64.09
2025-04-22 22:01:55.391211,64.03,64.07
2025-04-22 22:01:55.942382,64.04,64.09
2025-04-22 22:01:58.102045,64.03,64.09
2025-04-22 22:01:58.935713,64.02,64.07
2025-04-22 22:01:59.436740,64.03,64.07
2025-04-22 22:02:01.221629,64.02,64.07
2025-04-22 22:02:04.485924,64.05,64.09
2025-04-22 22:02:05.040536,64.02,64.07
2025-04-22 22:02:05.369030,64.05,64.09
2025-04-22 22:02:05.676728,64.02,64.07
2025-04-22 22:02:05.888806,64.05,64.09
2025-04-22 22:02:06.646604,64.04,64.09
2025-04-22 22:02:06.715606,64.03,64.07
2025-04-22 22:02:06.985669,64.02,64.07
2025-04-22 22:02:07.210098,64.03,64.07
2025-04-22 22:02:07.346118,64.02,64.06
2025-04-22 22:02:08.417174,64.03,64.07
2025-04-22 22:02:09.602320,64.05,64.09
2025-04-22 22:02:09.776074,64.02,64.06
2025-04-22 22:02:10.574468,64.04,64.08
2025-04-22 22:02:13.950728,64.03,64.07
2025-04-22 22:02:21.290552,64.04,64.1
2025-04-22 22:02:22.696994,64.04,64.08
2025-04-22 22:02:26.642355,64.03,64.08
2025-04-22 22:02:27.901758,64.04,64.09
2025-04-22 22:02:29.112899,64.03,64.09
2025-04-22 22:02:29.670941,64.02,64.07
2025-04-22 22:02:30.214099,64.03,64.09
2025-04-22 22:02:30.492509,64.02,64.06
2025-04-22 22:02:31.442438,64.02,64.07
2025-04-22 22:02:31.763025,64.02,64.06
2025-04-22 22:02:32.607258,64.04,64.1
2025-04-22 22:02:33.930727,64.02,64.08
2025-04-22 22:02:34.180603,64.04,64.1
2025-04-22 22:02:34.931927,64.07,64.11
2025-04-22 22:02:35.808785,64.05,64.1
2025-04-22 22:02:38.614053,64.05,64.09
2025-04-22 22:02:39.125737,64.05,64.1
2025-04-22 22:02:41.297264,64.07,64.11
2025-04-22 22:02:42.572469,64.05,64.1
2025-04-22 22:02:44.256105,64.05,64.09
2025-04-22 22:02:44.850761,64.07,64.12
2025-04-22 22:02:45.397345,64.07,64.11
2025-04-22 22:02:45.586727,64.07,64.12
2025-04-22 22:02:48.378972,64.09,64.13
2025-04-22 22:02:50.067987,64.07,64.11
2025-04-22 22:02:53.844322,64.06,64.1
2025-04-22 22:02:57.123832,64.06,64.11
2025-04-22 22:02:57.671923,64.05,64.09
2025-04-22 22:02:58.808281,64.08,64.12
2025-04-22 22:03:01.623750,64.07,64.11
2025-04-22 22:03:01.903076,64.1,64.14
2025-04-22 22:03:03.666284,64.09,64.13
2025-04-22 22:03:05.876055,64.11,64.15
2025-04-22 22:03:09.353681,64.13,64.17
2025-04-22 22:03:15.168040,64.1,64.15
2025-04-22 22:03:15.442302,64.12,64.17
2025-04-22 22:03:15.685269,64.1,64.14
2025-04-22 22:03:15.947461,64.09,64.14
2025-04-22 22:03:16.239703,64.07,64.12
2025-04-22 22:03:16.986936,64.09,64.13
2025-04-22 22:03:18.153556,64.13,64.17
2025-04-22 22:03:21.239541,64.1,64.15
2025-04-22 22:03:22.095180,64.12,64.16
2025-04-22 22:03:23.113849,64.09,64.14
2025-04-22 22:03:23.378084,64.09,64.13
2025-04-22 22:03:23.720300,64.08,64.13
2025-04-22 22:03:23.977140,64.13,64.17
2025-04-22 22:03:29.343019,64.1,64.15
2025-04-22 22:03:30.446905,64.16,64.2
2025-04-22 22:03:31.062672,64.14,64.19
2025-04-22 22:03:31.650525,64.17,64.21
2025-04-22 22:03:32.725265,64.23,64.29
2025-04-22 22:03:34.317108,64.27,64.31
2025-04-22 22:03:35.124180,64.25,64.3
2025-04-22 22:03:36.197712,64.26,64.3
2025-04-22 22:03:36.534557,64.28,64.32
2025-04-22 22:03:36.708696,64.27,64.31
2025-04-22 22:03:37.339244,64.28,64.32
2025-04-22 22:03:37.685725,64.27,64.32
2025-04-22 22:03:39.113435,64.25,64.29
2025-04-22 22:03:39.530070,64.24,64.28
2025-04-22 22:03:40.273125,64.25,64.3
2025-04-22 22:03:40.598892,64.26,64.3
2025-04-22 22:03:41.414605,64.27,64.31
2025-04-22 22:03:42.125451,64.24,64.28
2025-04-22 22:03:42.869872,64.25,64.29
2025-04-22 22:03:43.370044,64.21,64.27
2025-04-22 22:03:44.777971,64.19,64.24
2025-04-22 22:03:45.148095,64.17,64.21
2025-04-22 22:03:45.793644,64.18,64.22
2025-04-22 22:03:46.310012,64.17,64.22
2025-04-22 22:03:49.116984,64.16,64.2
2025-04-22 22:03:51.001066,64.16,64.21
2025-04-22 22:03:51.910769,64.18,64.24
2025-04-22 22:03:53.323581,64.2,64.24
2025-04-22 22:03:53.479614,64.19,64.24
2025-04-22 22:03:55.746142,64.22,64.26
2025-04-22 22:03:56.445865,64.17,64.22
2025-04-22 22:03:57.056207,64.17,64.23
2025-04-22 22:03:57.395314,64.19,64.23
2025-04-22 22:03:58.693968,64.21,64.26
2025-04-22 22:03:59.724883,64.16,64.21
2025-04-22 22:04:00.697670,64.15,64.19
2025-04-22 22:04:01.951652,64.17,64.22
2025-04-22 22:04:02.758361,64.16,64.22
2025-04-22 22:04:04.048199,64.19,64.23
2025-04-22 22:04:04.421526,64.18,64.24
2025-04-22 22:04:05.406020,64.19,64.24
2025-04-22 22:04:06.749817,64.17,64.23
2025-04-22 22:04:09.769099,64.21,64.26
2025-04-22 22:04:10.271615,64.2,64.24
2025-04-22 22:04:12.068576,64.22,64.27
2025-04-22 22:04:16.715938,64.21,64.25
2025-04-22 22:04:20.461660,64.2,64.25
2025-04-22 22:04:21.053631,64.2,64.24
2025-04-22 22:04:25.287805,64.21,64.26
2025-04-22 22:04:25.959364,64.2,64.24
2025-04-22 22:04:27.054938,64.19,64.24
2025-04-22 22:04:27.413339,64.18,64.23
2025-04-22 22:04:29.603088,64.18,64.24
2025-04-22 22:04:30.630602,64.18,64.23
2025-04-22 22:04:31.738297,64.18,64.24
2025-04-22 22:04:32.658714,64.2,64.25
2025-04-22 22:04:41.543902,64.2,64.26
2025-04-22 22:04:41.771564,64.18,64.23
2025-04-22 22:04:43.175093,64.18,64.24
2025-04-22 22:04:46.124532,64.18,64.23
2025-04-22 22:04:49.186904,64.2,64.24
2025-04-22 22:04:50.721537,64.2,64.25
2025-04-22 22:04:50.948791,64.19,64.23
2025-04-22 22:04:51.795131,64.21,64.26
2025-04-22 22:04:52.318144,64.19,64.23
2025-04-22 22:04:52.998105,64.13,64.18
2025-04-22 22:04:54.395588,64.12,64.17
2025-04-22 22:04:55.040099,64.1,64.16
2025-04-22 22:04:59.939423,64.13,64.18
2025-04-22 22:05:01.669293,64.12,64.18
2025-04-22 22:05:02.990548,64.1,64.15
2025-04-22 22:05:03.839531,64.15,64.19
2025-04-22 22:05:06.218372,64.11,64.16
2025-04-22 22:05:06.722188,64.12,64.18
2025-04-22 22:05:07.083308,64.1,64.17
2025-04-22 22:05:07.478695,64.14,64.19
2025-04-22 22:05:10.935215,64.14,64.18
2025-04-22 22:05:12.017522,64.14,64.19
2025-04-22 22:05:13.194517,64.17,64.21
2025-04-22 22:05:13.444481,64.17,64.22
2025-04-22 22:05:13.711248,64.17,64.21
2025-04-22 22:05:14.737842,64.18,64.23
2025-04-22 22:05:15.269530,64.17,64.23
2025-04-22 22:05:16.032121,64.18,64.23
2025-04-22 22:05:16.376192,64.15,64.21
2025-04-22 22:05:17.102457,64.16,64.21
2025-04-22 22:05:17.440739,64.17,64.23
2025-04-22 22:05:18.173017,64.18,64.22
2025-04-22 22:05:18.423658,64.17,64.21
2025-04-22 22:05:18.685506,64.12,64.18
2025-04-22 22:05:19.000869,64.15,64.2
2025-04-22 22:05:19.465496,64.13,64.19
2025-04-22 22:05:20.224613,64.15,64.21
2025-04-22 22:05:20.949718,64.19,64.24
2025-04-22 22:05:24.233222,64.16,64.22
2025-04-22 22:05:28.347451,64.16,64.2
2025-04-22 22:05:28.594036,64.19,64.24
2025-04-22 22:05:30.254686,64.21,64.25
2025-04-22 22:05:30.658092,64.19,64.24
2025-04-22 22:05:34.898216,64.18,64.24
2025-04-22 22:05:35.174276,64.18,64.25
2025-04-22 22:05:37.352867,64.17,64.22
2025-04-22 22:05:38.175344,64.19,64.25
2025-04-22 22:05:44.079279,64.18,64.23
2025-04-22 22:05:47.481823,64.21,64.25
2025-04-22 22:05:47.959791,64.18,64.23
2025-04-22 22:05:55.513687,64.19,64.23
2025-04-22 22:06:00.295449,64.18,64.22
2025-04-22 22:06:04.628694,64.21,64.25
2025-04-22 22:06:07.757698,64.18,64.24
2025-04-22 22:06:14.928954,64.17,64.24
2025-04-22 22:06:17.231162,64.17,64.22
2025-04-22 22:06:29.784509,64.17,64.21
2025-04-22 22:06:33.099079,64.17,64.22
2025-04-22 22:06:33.336044,64.17,64.23
2025-04-22 22:06:36.133720,64.18,64.24
2025-04-22 22:06:36.510265,64.18,64.23
2025-04-22 22:06:37.211634,64.17,64.22
2025-04-22 22:06:40.331648,64.16,64.22
2025-04-22 22:06:41.100668,64.17,64.22
2025-04-22 22:06:42.579882,64.18,64.24
2025-04-22 22:06:44.474718,64.16,64.21
2025-04-22 22:06:44.866398,64.18,64.22
2025-04-22 22:06:45.276435,64.16,64.21
2025-04-22 22:06:45.624712,64.16,64.2
2025-04-22 22:06:52.437538,64.18,64.23
2025-04-22 22:06:55.343215,64.18,64.24
2025-04-22 22:06:56.276517,64.21,64.27
2025-04-22 22:06:56.559896,64.23,64.27
2025-04-22 22:06:59.039373,64.24,64.28
2025-04-22 22:06:59.169580,64.23,64.28
2025-04-22 22:06:59.533399,64.26,64.3
2025-04-22 22:07:00.611073,64.27,64.31
2025-04-22 22:07:01.067419,64.25,64.29
2025-04-22 22:07:01.557810,64.26,64.3
2025-04-22 22:07:04.111142,64.27,64.31
2025-04-22 22:07:06.131987,64.26,64.3
2025-04-22 22:07:08.923629,64.25,64.3
2025-04-22 22:07:09.310904,64.24,64.3
2025-04-22 22:07:10.831623,64.24,64.29
2025-04-22 22:07:11.331518,64.22,64.29
2025-04-22 22:07:12.344047,64.23,64.29
2025-04-22 22:07:14.888541,64.25,64.29
2025-04-22 22:07:15.786167,64.27,64.31
2025-04-22 22:07:21.810138,64.25,64.3
2025-04-22 22:07:25.986759,64.24,64.28
2025-04-22 22:07:27.918238,64.25,64.3
2025-04-22 22:07:46.378801,64.26,64.3
2025-04-22 22:07:47.666312,64.25,64.3
2025-04-22 22:07:48.408288,64.23,64.27
2025-04-22 22:08:01.229714,64.24,64.29
2025-04-22 22:08:05.646636,64.24,64.28
2025-04-22 22:08:15.466971,64.21,64.26
2025-04-22 22:08:24.030892,64.21,64.25
2025-04-22 22:08:42.841405,64.22,64.26
2025-04-22 22:08:49.244394,64.22,64.27
2025-04-22 22:08:57.743597,64.22,64.26
2025-04-22 22:08:58.502398,64.19,64.24
2025-04-22 22:08:59.124914,64.2,64.25
2025-04-22 22:08:59.522516,64.19,64.25
2025-04-22 22:09:01.905065,64.16,64.22
2025-04-22 22:09:07.289783,64.17,64.23
2025-04-22 22:09:14.173423,64.17,64.22
2025-04-22 22:09:18.582585,64.17,64.21
2025-04-22 22:09:19.436471,64.16,64.22
2025-04-22 22:09:21.071627,64.17,64.21
2025-04-22 22:09:23.550479,64.15,64.19
2025-04-22 22:09:25.477835,64.16,64.21
2025-04-22 22:09:30.757127,64.16,64.2
2025-04-22 22:09:31.193254,64.14,64.19
2025-04-22 22:09:39.264145,64.13,64.19
2025-04-22 22:09:43.626645,64.13,64.17
2025-04-22 22:09:43.702087,64.13,64.18
2025-04-22 22:09:44.075139,64.13,64.19
2025-04-22 22:09:45.034494,64.15,64.21
2025-04-22 22:09:54.548981,64.13,64.18
2025-04-22 22:09:54.803073,64.15,64.19
2025-04-22 22:09:59.210356,64.14,64.19
2025-04-22 22:10:00.107453,64.11,64.17
2025-04-22 22:10:00.574402,64.15,64.19
2025-04-22 22:10:02.454501,64.16,64.2
2025-04-22 22:10:09.046956,64.13,64.19
2025-04-22 22:10:09.630873,64.12,64.17
2025-04-22 22:10:10.321339,64.13,64.17
2025-04-22 22:10:11.273872,64.12,64.18
2025-04-22 22:10:12.625495,64.13,64.18
2025-04-22 22:10:16.220597,64.15,64.2
2025-04-22 22:10:16.883784,64.15,64.19
2025-04-22 22:10:17.905600,64.12,64.18
2025-04-22 22:10:18.649732,64.12,64.16
2025-04-22 22:10:19.675687,64.14,64.19
2025-04-22 22:10:20.219961,64.1,64.15
2025-04-22 22:10:23.199394,64.1,64.14
2025-04-22 22:10:23.637789,64.11,64.15
2025-04-22 22:10:26.078384,64.1,64.14
2025-04-22 22:10:26.789260,64.09,64.14
2025-04-22 22:10:28.525491,64.09,64.13
2025-04-22 22:10:42.103641,64.08,64.12
2025-04-22 22:10:44.478606,64.07,64.12
2025-04-22 22:10:45.160663,64.06,64.11
2025-04-22 22:10:45.875235,64.04,64.08
2025-04-22 22:10:45.959100,64.05,64.1
2025-04-22 22:10:48.297675,64.03,64.07
2025-04-22 22:10:51.178992,64.04,64.08
2025-04-22 22:10:56.896830,64.03,64.08
2025-04-22 22:10:58.704147,64.0,64.04
2025-04-22 22:10:58.804829,64.01,64.05
2025-04-22 22:11:02.834136,63.99,64.03
2025-04-22 22:11:03.518744,64.01,64.05
2025-04-22 22:11:05.010825,63.98,64.02
2025-04-22 22:11:08.731218,63.99,64.03
2025-04-22 22:11:12.464617,64.01,64.05
2025-04-22 22:11:16.488326,64.01,64.06
2025-04-22 22:11:18.334505,64.02,64.06
2025-04-22 22:11:19.308488,64.04,64.08
2025-04-22 22:11:19.798514,64.05,64.09
2025-04-22 22:11:20.671860,64.03,64.07
2025-04-22 22:11:22.328912,64.02,64.07
2025-04-22 22:11:23.167033,64.05,64.09
2025-04-22 22:11:25.400300,64.06,64.1
2025-04-22 22:11:26.361161,64.02,64.07
2025-04-22 22:11:26.637499,64.04,64.08
2025-04-22 22:11:38.054704,64.08,64.12
2025-04-22 22:11:38.803077,64.06,64.12
2025-04-22 22:11:41.486850,64.06,64.11
2025-04-22 22:11:46.359663,64.05,64.11
2025-04-22 22:11:47.883935,64.05,64.1
2025-04-22 22:11:52.594624,64.07,64.11
2025-04-22 22:11:54.596061,64.1,64.14
2025-04-22 22:11:55.649141,64.11,64.15
2025-04-22 22:11:57.054244,64.08,64.12
2025-04-22 22:12:02.299051,64.08,64.13
2025-04-22 22:12:03.893169,64.11,64.15
2025-04-22 22:12:05.217105,64.08,64.12
2025-04-22 22:12:05.759363,64.09,64.13
2025-04-22 22:12:07.319027,64.1,64.14
2025-04-22 22:12:08.320119,64.09,64.13
2025-04-22 22:12:11.943871,64.08,64.13
2025-04-22 22:12:14.364973,64.11,64.15
2025-04-22 22:12:22.459006,64.11,64.17
2025-04-22 22:12:27.380505,64.12,64.17
2025-04-22 22:12:28.711276,64.12,64.18
2025-04-22 22:12:31.144814,64.11,64.16
2025-04-22 22:12:31.376717,64.14,64.18
2025-04-22 22:12:31.962689,64.13,64.17
2025-04-22 22:12:32.700171,64.12,64.16
2025-04-22 22:12:36.416903,64.13,64.17
2025-04-22 22:12:37.010086,64.09,64.14
2025-04-22 22:12:40.403149,64.11,64.17
2025-04-22 22:12:41.520333,64.11,64.16
2025-04-22 22:12:46.674203,64.1,64.14
2025-04-22 22:12:47.163077,64.12,64.17
2025-04-22 22:12:47.664334,64.1,64.14
2025-04-22 22:12:48.665397,64.12,64.17
2025-04-22 22:12:50.394235,64.15,64.19
2025-04-22 22:12:51.936716,64.17,64.21
2025-04-22 22:12:54.450235,64.18,64.22
2025-04-22 22:12:59.155849,64.21,64.25
2025-04-22 22:13:02.157093,64.18,64.22
2025-04-22 22:13:08.197321,64.19,64.24
2025-04-22 22:13:08.652201,64.18,64.23
2025-04-22 22:13:11.400923,64.18,64.22
2025-04-22 22:13:17.512180,64.15,64.2
2025-04-22 22:13:18.665533,64.17,64.23
2025-04-22 22:13:25.140005,64.17,64.22
2025-04-22 22:13:25.574917,64.17,64.21
2025-04-22 22:13:32.507210,64.2,64.24
2025-04-22 22:13:38.359865,64.16,64.22
2025-04-22 22:13:38.862626,64.21,64.25
2025-04-22 22:13:44.441396,64.16,64.22
2025-04-22 22:13:51.015608,64.19,64.24
2025-04-22 22:13:51.515021,64.21,64.25
2025-04-22 22:13:53.373711,64.19,64.23
2025-04-22 22:13:57.166152,64.22,64.27
2025-04-22 22:13:59.185380,64.21,64.25
2025-04-22 22:14:02.212844,64.23,64.27
2025-04-22 22:14:02.956051,64.2,64.24
2025-04-22 22:14:09.635901,64.21,64.25
2025-04-22 22:14:09.930719,64.24,64.28
2025-04-22 22:14:12.743042,64.2,64.24
2025-04-22 22:14:21.393882,64.22,64.26
2025-04-22 22:14:30.792429,64.2,64.24
2025-04-22 22:14:31.674669,64.22,64.27
2025-04-22 22:14:33.144471,64.22,64.26
2025-04-22 22:14:35.193460,64.19,64.24
2025-04-22 22:14:36.377709,64.19,64.23
2025-04-22 22:14:41.042965,64.22,64.26
2025-04-22 22:14:42.049192,64.2,64.24
2025-04-22 22:14:44.538565,64.19,64.24
2025-04-22 22:14:48.510999,64.19,64.23
2025-04-22 22:14:50.793144,64.18,64.22
2025-04-22 22:14:51.745905,64.19,64.23
2025-04-22 22:14:59.356052,64.19,64.24
2025-04-22 22:15:00.313234,64.19,64.23
2025-04-22 22:15:00.530169,64.25,64.31
2025-04-22 22:15:00.793195,64.29,64.33
2025-04-22 22:15:01.356085,64.29,64.34
2025-04-22 22:15:04.228143,64.29,64.33
2025-04-22 22:15:05.150045,64.27,64.33
2025-04-22 22:15:06.962427,64.29,64.33
2025-04-22 22:15:11.561163,64.32,64.36
2025-04-22 22:15:17.125127,64.31,64.35
2025-04-22 22:15:19.121664,64.32,64.36
2025-04-22 22:15:21.952198,64.3,64.35
2025-04-22 22:15:24.440917,64.3,64.34
2025-04-22 22:15:28.038477,64.29,64.34
2025-04-22 22:15:28.544204,64.28,64.33
2025-04-22 22:15:33.215974,64.31,64.35
2025-04-22 22:15:37.248188,64.32,64.36
2025-04-22 22:15:44.129280,64.35,64.4
2025-04-22 22:15:44.800842,64.39,64.43
2025-04-22 22:15:45.528440,64.38,64.42
2025-04-22 22:15:47.255802,64.4,64.44
2025-04-22 22:15:48.031352,64.38,64.43
2025-04-22 22:15:50.959196,64.38,64.42
2025-04-22 22:15:52.525125,64.39,64.43
2025-04-22 22:15:53.150322,64.37,64.41
2025-04-22 22:15:53.503053,64.34,64.39
2025-04-22 22:15:55.904584,64.37,64.41
2025-04-22 22:15:56.125906,64.36,64.41
2025-04-22 22:15:58.288116,64.34,64.38
2025-04-22 22:15:59.572496,64.33,64.38
2025-04-22 22:16:00.074047,64.34,64.38
2025-04-22 22:16:02.675603,64.35,64.4
2025-04-22 22:16:04.594068,64.35,64.39
2025-04-22 22:16:10.386494,64.33,64.37
2025-04-22 22:16:13.691624,64.34,64.38
2025-04-22 22:16:17.108898,64.34,64.39
2025-04-22 22:16:18.673481,64.38,64.42
2025-04-22 22:16:21.564803,64.35,64.4
2025-04-22 22:16:22.534894,64.35,64.41
2025-04-22 22:16:46.973337,64.36,64.4
2025-04-22 22:16:47.564734,64.35,64.4
2025-04-22 22:16:48.619336,64.36,64.4
2025-04-22 22:16:59.214411,64.35,64.39
2025-04-22 22:17:11.233082,64.36,64.4
2025-04-22 22:17:14.261691,64.34,64.38
2025-04-22 22:17:17.542705,64.36,64.4
2025-04-22 22:17:21.904950,64.35,64.39
2025-04-22 22:17:24.821671,64.36,64.4
2025-04-22 22:17:26.322990,64.33,64.38
2025-04-22 22:17:26.622283,64.34,64.38
2025-04-22 22:17:28.214510,64.36,64.4
2025-04-22 22:17:37.200330,64.33,64.37
2025-04-22 22:17:49.489541,64.32,64.36
2025-04-22 22:17:52.300623,64.34,64.38
2025-04-22 22:17:52.802302,64.32,64.36
2025-04-22 22:17:54.947372,64.32,64.37
2025-04-22 22:17:56.698360,64.34,64.38
2025-04-22 22:17:57.196280,64.31,64.35
2025-04-22 22:18:04.017254,64.32,64.36
2025-04-22 22:18:14.475352,64.31,64.35
2025-04-22 22:18:21.929387,64.3,64.34
2025-04-22 22:18:26.090165,64.32,64.36
2025-04-22 22:18:43.513934,64.33,64.37
2025-04-22 22:18:48.369846,64.32,64.36
2025-04-22 22:18:53.602325,64.37,64.41
2025-04-22 22:18:54.907283,64.35,64.39
2025-04-22 22:19:00.758239,64.37,64.41
2025-04-22 22:19:13.460965,64.35,64.39
2025-04-22 22:19:17.946653,64.34,64.38
2025-04-22 22:19:19.618087,64.38,64.42
2025-04-22 22:19:28.838142,64.37,64.41
2025-04-22 22:19:35.154100,64.36,64.4
2025-04-22 22:19:44.427156,64.36,64.42
2025-04-22 22:19:46.691949,64.37,64.42
2025-04-22 22:19:48.861975,64.39,64.43
2025-04-22 22:19:56.807586,64.36,64.4
2025-04-22 22:20:00.054736,64.38,64.42
2025-04-22 22:20:01.804873,64.37,64.41
2025-04-22 22:20:08.043744,64.36,64.4
2025-04-22 22:20:13.677728,64.35,64.39
2025-04-22 22:20:20.782801,64.34,64.38
2025-04-22 22:20:25.992995,64.35,64.39
2025-04-22 22:20:29.673063,64.33,64.37
2025-04-22 22:20:32.306106,64.34,64.38
2025-04-22 22:20:33.605703,64.35,64.39
2025-04-22 22:20:42.099060,64.32,64.36
2025-04-22 22:20:46.394626,64.33,64.37
2025-04-22 22:20:49.155066,64.34,64.38
2025-04-22 22:20:57.405013,64.32,64.36
2025-04-22 22:21:02.195207,64.34,64.38
2025-04-22 22:21:02.617802,64.35,64.39
2025-04-22 22:21:08.205695,64.32,64.36
2025-04-22 22:21:16.797488,64.35,64.39
2025-04-22 22:21:18.232932,64.32,64.36
2025-04-22 22:21:24.433236,64.33,64.37
2025-04-22 22:21:42.246948,64.3,64.36
2025-04-22 22:21:45.033457,64.32,64.37
2025-04-22 22:21:53.413638,64.32,64.36
2025-04-22 22:22:12.493725,64.31,64.35
2025-04-22 22:22:15.016447,64.28,64.32
2025-04-22 22:22:19.520860,64.27,64.31
2025-04-22 22:22:22.218113,64.28,64.32
2025-04-22 22:22:40.799638,64.25,64.3
2025-04-22 22:22:43.724885,64.25,64.29
2025-04-22 22:22:46.110612,64.27,64.31
2025-04-22 22:22:59.273046,64.28,64.32
2025-04-22 22:23:03.784822,64.29,64.34
2025-04-22 22:23:04.323759,64.3,64.34
2025-04-22 22:23:09.584205,64.29,64.33
2025-04-22 22:23:11.204922,64.3,64.34
2025-04-22 22:23:41.197535,64.28,64.33
2025-04-22 22:23:43.103239,64.27,64.31
2025-04-22 22:24:19.178476,64.29,64.33
2025-04-22 22:24:27.513766,64.28,64.32
2025-04-22 22:24:30.458214,64.27,64.31
2025-04-22 22:24:35.790420,64.28,64.32
2025-04-22 22:25:13.410594,64.29,64.33
2025-04-22 22:25:14.352426,64.28,64.33
2025-04-22 22:25:17.648580,64.28,64.32
2025-04-22 22:25:19.050479,64.3,64.34
2025-04-22 22:25:19.683273,64.31,64.35
2025-04-22 22:25:24.451751,64.28,64.33
2025-04-22 22:25:28.621725,64.3,64.34
2025-04-22 22:25:29.778791,64.29,64.33
2025-04-22 22:25:39.267571,64.28,64.33
2025-04-22 22:25:54.011242,64.29,64.33
2025-04-22 22:26:04.054928,64.3,64.34
2025-04-22 22:26:09.665698,64.28,64.32
2025-04-22 22:26:17.381039,64.31,64.35
2025-04-22 22:26:19.780061,64.27,64.32
2025-04-22 22:26:32.479746,64.27,64.31
2025-04-22 22:26:33.677860,64.27,64.32
2025-04-22 22:26:41.393136,64.28,64.32
2025-04-22 22:26:41.883239,64.26,64.32
2025-04-22 22:26:43.939293,64.25,64.29
2025-04-22 22:26:57.155074,64.27,64.32
2025-04-22 22:26:59.496638,64.28,64.33
2025-04-22 22:27:04.639915,64.29,64.34
2025-04-22 22:27:06.863957,64.28,64.32
2025-04-22 22:27:20.838289,64.31,64.35
2025-04-22 22:27:33.792753,64.32,64.36
2025-04-22 22:27:42.548039,64.31,64.35
2025-04-22 22:27:45.901080,64.29,64.33
2025-04-22 22:27:49.098474,64.31,64.36
2025-04-22 22:28:06.471255,64.3,64.34
2025-04-22 22:28:20.751762,64.32,64.36
2025-04-22 22:28:23.435097,64.29,64.33
2025-04-22 22:28:23.979568,64.3,64.34
2025-04-22 22:28:24.965295,64.33,64.37
2025-04-22 22:28:25.217019,64.31,64.36
2025-04-22 22:28:27.379309,64.34,64.38
2025-04-22 22:28:31.904255,64.33,64.38
2025-04-22 22:28:33.534486,64.32,64.38
2025-04-22 22:28:37.189999,64.34,64.39
2025-04-22 22:28:38.478268,64.36,64.4
2025-04-22 22:28:40.317796,64.34,64.38
2025-04-22 22:28:45.679716,64.33,64.38
2025-04-22 22:28:46.302552,64.35,64.39
2025-04-22 22:28:46.805877,64.34,64.38
2025-04-22 22:28:48.407318,64.35,64.4
2025-04-22 22:28:53.113254,64.35,64.39
2025-04-22 22:28:59.818194,64.37,64.42
2025-04-22 22:29:08.093106,64.38,64.42
2025-04-22 22:29:08.660082,64.35,64.39
2025-04-22 22:29:10.640403,64.38,64.42
2025-04-22 22:29:11.210681,64.37,64.42
2025-04-22 22:29:12.328793,64.36,64.4
2025-04-22 22:29:16.201830,64.39,64.43
2025-04-22 22:29:17.218273,64.37,64.42
2025-04-22 22:29:26.905365,64.4,64.44
2025-04-22 22:29:27.671050,64.4,64.45
2025-04-22 22:29:28.609421,64.41,64.45
2025-04-22 22:29:30.667252,64.38,64.42
2025-04-22 22:29:31.381235,64.37,64.42
2025-04-22 22:29:34.505977,64.38,64.42
2025-04-22 22:29:36.308016,64.37,64.42
2025-04-22 22:29:36.551579,64.4,64.44
2025-04-22 22:29:37.565667,64.37,64.42
2025-04-22 22:29:38.381391,64.39,64.43
2025-04-22 22:29:40.890512,64.38,64.42
2025-04-22 22:29:42.159371,64.37,64.41
2025-04-22 22:29:43.073339,64.38,64.42
2025-04-22 22:29:45.405413,64.39,64.44
2025-04-22 22:29:47.449975,64.38,64.43
2025-04-22 22:29:49.449298,64.36,64.4
2025-04-22 22:29:51.554682,64.38,64.43
2025-04-22 22:29:54.805543,64.39,64.43
2025-04-22 22:29:59.856460,64.36,64.4
2025-04-22 22:30:06.153139,64.37,64.42
2025-04-22 22:30:07.187958,64.36,64.4
2025-04-22 22:30:10.057216,64.37,64.42
2025-04-22 22:30:15.390836,64.37,64.41
2025-04-22 22:30:19.178212,64.39,64.43
2025-04-22 22:30:19.502013,64.39,64.44
2025-04-22 22:30:20.963315,64.38,64.42
2025-04-22 22:30:24.993651,64.39,64.45
2025-04-22 22:30:30.171008,64.4,64.44
2025-04-22 22:30:32.135653,64.39,64.44
2025-04-22 22:30:33.320736,64.4,64.44
2025-04-22 22:30:33.781237,64.37,64.41
2025-04-22 22:30:36.275421,64.38,64.42
2025-04-22 22:30:41.871451,64.39,64.43
2025-04-22 22:30:42.947720,64.35,64.4
2025-04-22 22:30:49.385185,64.38,64.42
2025-04-22 22:30:57.990366,64.36,64.41
2025-04-22 22:30:58.323868,64.33,64.38
2025-04-22 22:30:59.123265,64.32,64.36
2025-04-22 22:31:00.813239,64.31,64.36
2025-04-22 22:31:03.152455,64.33,64.37
2025-04-22 22:31:03.270953,64.32,64.37
2025-04-22 22:31:04.422459,64.34,64.38
2025-04-22 22:31:04.658494,64.34,64.39
2025-04-22 22:31:06.049265,64.33,64.38
2025-04-22 22:31:11.542973,64.36,64.41
2025-04-22 22:31:27.988231,64.37,64.41
2025-04-22 22:31:29.509755,64.37,64.42
2025-04-22 22:31:30.439846,64.35,64.39
2025-04-22 22:31:31.122027,64.36,64.41
2025-04-22 22:31:34.991633,64.37,64.41
2025-04-22 22:31:38.764160,64.36,64.4
2025-04-22 22:31:39.685527,64.35,64.39
2025-04-22 22:31:41.167414,64.34,64.38
2025-04-22 22:31:41.963723,64.35,64.39
2025-04-22 22:31:46.770025,64.39,64.43
2025-04-22 22:31:48.719148,64.38,64.43
2025-04-22 22:31:49.204010,64.36,64.41
2025-04-22 22:31:50.433449,64.37,64.41
2025-04-22 22:31:58.967925,64.38,64.43
2025-04-22 22:32:01.473923,64.38,64.42
2025-04-22 22:32:01.705828,64.42,64.46
2025-04-22 22:32:02.000742,64.38,64.43
2025-04-22 22:32:02.889580,64.4,64.44
2025-04-22 22:32:06.057840,64.39,64.44
2025-04-22 22:32:13.457054,64.38,64.42
2025-04-22 22:32:25.066659,64.4,64.44
2025-04-22 22:32:25.803391,64.38,64.43
2025-04-22 22:32:34.315906,64.39,64.43
2025-04-22 22:32:49.194868,64.37,64.41
2025-04-22 22:32:49.463862,64.38,64.42
2025-04-22 22:32:49.993998,64.39,64.43
2025-04-22 22:32:50.725752,64.37,64.41
2025-04-22 22:32:51.839507,64.38,64.42
2025-04-22 22:32:53.365392,64.39,64.43
2025-04-22 22:32:53.718789,64.36,64.4
2025-04-22 22:32:56.915794,64.37,64.42
2025-04-22 22:32:58.426585,64.38,64.42
2025-04-22 22:32:59.113105,64.39,64.43
2025-04-22 22:32:59.865950,64.36,64.4
2025-04-22 22:33:00.072570,64.37,64.42
2025-04-22 22:33:02.961106,64.37,64.41
2025-04-22 22:33:04.430030,64.34,64.39
2025-04-22 22:33:05.296353,64.36,64.4
2025-04-22 22:33:06.608883,64.34,64.39
2025-04-22 22:33:14.372068,64.32,64.36
2025-04-22 22:33:22.979384,64.32,64.37
2025-04-22 22:33:23.742352,64.34,64.38
2025-04-22 22:33:24.483611,64.36,64.41
2025-04-22 22:33:30.919135,64.37,64.41
2025-04-22 22:33:31.430039,64.36,64.4
2025-04-22 22:33:32.044841,64.39,64.43
2025-04-22 22:33:33.007994,64.36,64.4
2025-04-22 22:33:41.759955,64.39,64.43
2025-04-22 22:33:43.164524,64.36,64.4
2025-04-22 22:33:46.040708,64.39,64.43
2025-04-22 22:33:47.266427,64.36,64.4
2025-04-22 22:33:53.172925,64.35,64.4
2025-04-22 22:33:53.565456,64.36,64.41
2025-04-22 22:33:54.741290,64.36,64.4
2025-04-22 22:33:55.583325,64.34,64.39
2025-04-22 22:34:04.572112,64.38,64.44
2025-04-22 22:34:08.786756,64.39,64.43
2025-04-22 22:34:12.473055,64.4,64.44
2025-04-22 22:34:29.902356,64.39,64.43
2025-04-22 22:34:30.402500,64.38,64.42
2025-04-22 22:34:38.351995,64.4,64.44
2025-04-22 22:34:39.523923,64.37,64.41
2025-04-22 22:34:47.125617,64.38,64.42
2025-04-22 22:34:47.507801,64.37,64.42
2025-04-22 22:34:47.766519,64.36,64.41
2025-04-22 22:34:50.939598,64.35,64.4
2025-04-22 22:34:53.639327,64.34,64.38
2025-04-22 22:35:00.976422,64.37,64.41
2025-04-22 22:35:04.705339,64.38,64.42
2025-04-22 22:35:05.615688,64.36,64.41
2025-04-22 22:35:06.112474,64.36,64.4
2025-04-22 22:35:13.362934,64.36,64.41
2025-04-22 22:35:14.596465,64.39,64.43
2025-04-22 22:35:18.665651,64.38,64.42
2025-04-22 22:35:45.137868,64.34,64.39
2025-04-22 22:35:54.769788,64.37,64.41
2025-04-22 22:35:56.202030,64.34,64.39
2025-04-22 22:35:58.378975,64.36,64.4
2025-04-22 22:36:13.783632,64.35,64.39
2025-04-22 22:36:14.956807,64.31,64.35
2025-04-22 22:36:20.122168,64.32,64.36
2025-04-22 22:36:22.647180,64.34,64.39
2025-04-22 22:36:30.723313,64.35,64.39
2025-04-22 22:36:41.822660,64.32,64.36
2025-04-22 22:36:50.618068,64.35,64.39
2025-04-22 22:36:57.168949,64.32,64.36
2025-04-22 22:36:59.051910,64.3,64.34
2025-04-22 22:37:02.560859,64.33,64.37
2025-04-22 22:37:26.135412,64.31,64.36
2025-04-22 22:37:27.238141,64.32,64.36
2025-04-22 22:37:51.099928,64.34,64.38
2025-04-22 22:37:53.097488,64.32,64.36
2025-04-22 22:37:53.859045,64.33,64.37
2025-04-22 22:37:54.857071,64.35,64.39
2025-04-22 22:37:59.024444,64.36,64.4
2025-04-22 22:37:59.072066,64.35,64.39
2025-04-22 22:38:01.098785,64.32,64.37
2025-04-22 22:38:05.015074,64.34,64.38
2025-04-22 22:38:06.692960,64.33,64.37
2025-04-22 22:38:08.042084,64.32,64.37
2025-04-22 22:38:22.333944,64.34,64.38
2025-04-22 22:38:23.952902,64.34,64.4
2025-04-22 22:38:30.751861,64.36,64.4
2025-04-22 22:38:45.604853,64.33,64.37
2025-04-22 22:38:55.138452,64.35,64.4
2025-04-22 22:38:56.719253,64.36,64.41
2025-04-22 22:39:09.527398,64.34,64.38
2025-04-22 22:39:13.833911,64.37,64.41
2025-04-22 22:39:17.670591,64.36,64.41
2025-04-22 22:39:18.625748,64.38,64.42
2025-04-22 22:39:20.364573,64.36,64.41
2025-04-22 22:39:26.103286,64.37,64.41
2025-04-22 22:39:31.175964,64.38,64.42
2025-04-22 22:39:32.031104,64.35,64.39
2025-04-22 22:39:33.522379,64.37,64.42
2025-04-22 22:39:42.728061,64.37,64.41
2025-04-22 22:39:48.570003,64.38,64.42
2025-04-22 22:39:49.536577,64.37,64.42
2025-04-22 22:39:50.702100,64.38,64.42
2025-04-22 22:39:51.963487,64.37,64.42
2025-04-22 22:39:54.594454,64.35,64.39
2025-04-22 22:40:07.095357,64.36,64.4
2025-04-22 22:40:08.746941,64.35,64.39
2025-04-22 22:40:25.795844,64.38,64.42
2025-04-22 22:40:28.635627,64.37,64.41
2025-04-22 22:41:04.764408,64.35,64.39
2025-04-22 22:41:05.770459,64.36,64.4
2025-04-22 22:41:13.234599,64.39,64.43
2025-04-22 22:41:15.932219,64.35,64.39
2025-04-22 22:41:19.372255,64.38,64.42
2025-04-22 22:41:25.040943,64.36,64.4
2025-04-22 22:41:25.110895,64.38,64.42
2025-04-22 22:41:26.099410,64.37,64.42
2025-04-22 22:41:30.130795,64.37,64.41
2025-04-22 22:41:40.513667,64.36,64.4
2025-04-22 22:41:57.174012,64.35,64.39
2025-04-22 22:41:58.173792,64.38,64.42
2025-04-22 22:41:58.667906,64.37,64.42
2025-04-22 22:42:05.536003,64.38,64.42
2025-04-22 22:42:08.167775,64.38,64.43
2025-04-22 22:42:11.454063,64.35,64.4
2025-04-22 22:42:25.080197,64.34,64.39
2025-04-22 22:42:30.050289,64.33,64.38
2025-04-22 22:42:31.562951,64.36,64.4
2025-04-22 22:42:33.642282,64.37,64.41
2025-04-22 22:42:37.972792,64.33,64.38
2025-04-22 22:42:39.348059,64.36,64.42
2025-04-22 22:42:46.539872,64.4,64.44
2025-04-22 22:42:47.673842,64.39,64.43
2025-04-22 22:42:48.948609,64.4,64.44
2025-04-22 22:42:51.114812,64.39,64.43
2025-04-22 22:42:57.140335,64.37,64.41
2025-04-22 22:42:58.693435,64.36,64.4
2025-04-22 22:43:00.242181,64.36,64.41
2025-04-22 22:43:06.272824,64.39,64.43
2025-04-22 22:43:07.201565,64.38,64.42
2025-04-22 22:43:07.472138,64.39,64.43
2025-04-22 22:43:14.626660,64.37,64.41
2025-04-22 22:43:35.992054,64.37,64.42
2025-04-22 22:43:37.190077,64.37,64.41
2025-04-22 22:43:40.095157,64.4,64.44
2025-04-22 22:43:44.870443,64.39,64.43
2025-04-22 22:43:45.235067,64.4,64.44
2025-04-22 22:43:50.508098,64.38,64.42
2025-04-22 22:43:56.633817,64.41,64.45
2025-04-22 22:44:17.882199,64.42,64.46
2025-04-22 22:44:22.738708,64.43,64.47
2025-04-22 22:44:25.178153,64.42,64.46
2025-04-22 22:44:33.415644,64.4,64.45
2025-04-22 22:44:34.816585,64.43,64.47
2025-04-22 22:44:35.847998,64.42,64.47
2025-04-22 22:44:37.271270,64.41,64.45
2025-04-22 22:44:38.764401,64.44,64.48
2025-04-22 22:44:47.931487,64.42,64.46
2025-04-22 22:44:55.839111,64.43,64.47
2025-04-22 22:44:57.079426,64.44,64.48
2025-04-22 22:44:59.294011,64.42,64.46
2025-04-22 22:45:05.521414,64.44,64.48
2025-04-22 22:45:13.154606,64.43,64.47
2025-04-22 22:45:21.139117,64.44,64.48
2025-04-22 22:45:24.467626,64.43,64.47
2025-04-22 22:45:31.792024,64.44,64.48
2025-04-22 22:45:48.202311,64.42,64.46
2025-04-22 22:45:57.811583,64.44,64.49
2025-04-22 22:45:58.443047,64.43,64.47
2025-04-22 22:45:59.520062,64.44,64.48
2025-04-22 22:46:04.254337,64.42,64.47
2025-04-22 22:46:04.970300,64.45,64.49
2025-04-22 22:46:07.396044,64.45,64.5
2025-04-22 22:46:07.887600,64.45,64.49
2025-04-22 22:46:11.331388,64.46,64.5
2025-04-22 22:46:13.245724,64.43,64.47
2025-04-22 22:46:14.591921,64.45,64.49
2025-04-22 22:46:17.728121,64.44,64.48
2025-04-22 22:46:20.195184,64.45,64.49
2025-04-22 22:46:21.105400,64.43,64.47
2025-04-22 22:46:27.313347,64.45,64.49
2025-04-22 22:46:42.035577,64.44,64.48
2025-04-22 22:46:44.316069,64.43,64.47
2025-04-22 22:46:50.505693,64.44,64.48
2025-04-22 22:46:50.765852,64.43,64.47
2025-04-22 22:46:58.988119,64.42,64.46
2025-04-22 22:47:01.704066,64.44,64.48
2025-04-22 22:47:03.534028,64.41,64.45
2025-04-22 22:47:04.523011,64.42,64.46
2025-04-22 22:47:04.815543,64.44,64.48
2025-04-22 22:47:05.280533,64.42,64.46
2025-04-22 22:47:19.923847,64.45,64.49
2025-04-22 22:47:24.812195,64.43,64.48
2025-04-22 22:47:25.815343,64.42,64.46
2025-04-22 22:47:26.816364,64.41,64.46
2025-04-22 22:47:27.640342,64.44,64.48
2025-04-22 22:47:30.636723,64.43,64.48
2025-04-22 22:47:31.635494,64.43,64.47
2025-04-22 22:47:34.471235,64.41,64.46
2025-04-22 22:47:35.760729,64.43,64.48
2025-04-22 22:47:36.640405,64.43,64.47
2025-04-22 22:47:41.500999,64.42,64.46
2025-04-22 22:47:51.702066,64.41,64.45
2025-04-22 22:47:56.100130,64.43,64.47
2025-04-22 22:47:58.228059,64.4,64.44
2025-04-22 22:48:16.967343,64.43,64.47
2025-04-22 22:48:17.597640,64.4,64.44
2025-04-22 22:48:29.856546,64.41,64.45
2025-04-22 22:48:30.299763,64.42,64.46
2025-04-22 22:48:31.661364,64.43,64.47
2025-04-22 22:48:33.942089,64.4,64.44
2025-04-22 22:51:10.594407,64.33,64.39
2025-04-22 22:51:18.891823,64.31,64.36
2025-04-22 22:51:25.198586,64.32,64.36
2025-04-22 22:51:26.269614,64.33,64.38
2025-04-22 22:51:26.770723,64.33,64.37
2025-04-22 22:51:32.504565,64.32,64.36
2025-04-22 22:51:56.761824,64.3,64.35
2025-04-22 22:52:03.651107,64.3,64.36
2025-04-22 22:52:05.431000,64.32,64.36
2025-04-22 22:52:06.910095,64.31,64.36
2025-04-22 22:52:08.900548,64.34,64.38
2025-04-22 22:52:10.753325,64.35,64.39
2025-04-22 22:52:11.419745,64.36,64.4
2025-04-22 22:52:12.233276,64.33,64.37
2025-04-22 22:52:12.751473,64.36,64.4
2025-04-23 08:45:41.958920,64.8,64.83
2025-04-23 08:45:45.361883,64.8,64.84
2025-04-23 08:45:57.849289,64.83,64.87
2025-04-23 08:45:59.093008,64.81,64.85
2025-04-23 08:45:59.910052,64.83,64.88
2025-04-23 08:46:00.898706,64.82,64.86
2025-04-23 08:46:01.539875,64.83,64.86
2025-04-23 08:46:02.992394,64.82,64.87
2025-04-23 08:46:03.946237,64.83,64.87
2025-04-23 08:46:07.392711,64.81,64.85
2025-04-23 08:46:08.062385,64.83,64.88
2025-04-23 08:46:09.153781,64.82,64.87
2025-04-23 08:46:13.257837,64.83,64.88
2025-04-23 08:46:14.875661,64.83,64.86
2025-04-23 08:46:24.366596,64.8,64.84
2025-04-23 08:46:34.778092,64.79,64.84
2025-04-23 08:46:40.442347,64.82,64.86
2025-04-23 08:46:43.178007,64.81,64.86
2025-04-23 08:46:47.049320,64.8,64.83
2025-04-23 08:46:59.489883,64.8,64.85
2025-04-23 08:47:00.848389,64.82,64.86
2025-04-23 08:47:03.179787,64.82,64.87
2025-04-23 08:47:07.773643,64.82,64.85
2025-04-23 08:47:10.124196,64.79,64.82
2025-04-23 08:47:10.838899,64.79,64.83
2025-04-23 08:47:22.160068,64.82,64.87
2025-04-23 08:47:54.139615,64.81,64.85
2025-04-23 08:48:00.354610,64.8,64.84
2025-04-23 08:48:01.115024,64.81,64.86
2025-04-23 08:48:03.494591,64.79,64.83
2025-04-23 08:48:07.186605,64.81,64.84
2025-04-23 08:48:17.417408,64.8,64.84
2025-04-23 08:48:18.419336,64.79,64.83
2025-04-23 08:48:26.353613,64.78,64.82
2025-04-23 08:48:26.734127,64.8,64.84
2025-04-23 08:48:32.082372,64.78,64.83
2025-04-23 08:48:38.557412,64.78,64.81
2025-04-23 08:48:39.709106,64.79,64.83
2025-04-23 08:48:43.721920,64.8,64.84
2025-04-23 08:48:44.056867,64.79,64.83
2025-04-23 08:49:03.068150,64.79,64.82
2025-04-23 08:49:04.117268,64.78,64.83
2025-04-23 08:49:05.363968,64.78,64.81
2025-04-23 08:49:07.782615,64.79,64.84
2025-04-23 08:49:11.255624,64.78,64.82
2025-04-23 08:49:11.497563,64.79,64.82
2025-04-23 08:49:20.419101,64.77,64.81
2025-04-23 08:49:23.890128,64.79,64.83
2025-04-23 08:49:28.461813,64.81,64.84
2025-04-23 08:49:29.269415,64.79,64.84
2025-04-23 08:49:38.531391,64.81,64.85
2025-04-23 08:49:41.612386,64.8,64.83
2025-04-23 08:49:47.421146,64.82,64.86
2025-04-23 08:49:54.283721,64.8,64.84
2025-04-23 08:49:54.778245,64.82,64.86
2025-04-23 08:49:55.143312,64.8,64.84
2025-04-23 08:49:59.409912,64.8,64.83
2025-04-23 08:50:00.389328,64.81,64.84
2025-04-23 08:50:00.880945,64.83,64.88
2025-04-23 08:50:06.547290,64.81,64.85
2025-04-23 08:50:08.401706,64.84,64.88
2025-04-23 08:50:16.375035,64.81,64.85
2025-04-23 08:50:19.431199,64.81,64.84
2025-04-23 08:50:29.008666,64.8,64.84
2025-04-23 08:50:29.678346,64.8,64.83
2025-04-23 08:50:31.977633,64.8,64.84
2025-04-23 08:50:34.430606,64.83,64.87
2025-04-23 08:50:39.105388,64.8,64.84
2025-04-23 08:50:42.593207,64.82,64.85
2025-04-23 08:50:52.251304,64.79,64.84
2025-04-23 08:50:59.365466,64.78,64.82
2025-04-23 08:51:13.284297,64.79,64.83
2025-04-23 08:51:14.055880,64.8,64.85
2025-04-23 08:51:16.488068,64.78,64.81
2025-04-23 08:51:27.378334,64.8,64.85
2025-04-23 08:51:31.513326,64.78,64.82
2025-04-23 08:51:32.305356,64.81,64.84
2025-04-23 08:51:35.924509,64.78,64.81
2025-04-24 19:50:17.549035,62.64,62.68
2025-04-24 19:50:17.916619,62.65,62.69
2025-04-24 19:50:19.174090,62.64,62.69
2025-04-24 19:50:19.245646,62.62,62.65
2025-04-24 19:50:20.040030,62.63,62.68
2025-04-24 19:50:21.538925,62.65,62.68
2025-04-24 19:50:21.939140,62.63,62.66
2025-04-24 19:50:23.311308,62.62,62.67
2025-04-24 19:50:28.574405,62.64,62.67
2025-04-24 19:50:29.853577,62.62,62.66
2025-04-24 19:50:30.349828,62.64,62.67
2025-04-24 19:50:32.365878,62.64,62.69
2025-04-24 19:50:32.862749,62.64,62.67
2025-04-24 19:50:33.868172,62.62,62.66
2025-04-24 19:50:34.361782,62.62,62.65
2025-04-24 19:51:03.704446,62.61,62.65
2025-04-24 19:51:23.396512,62.61,62.64
2025-04-24 19:51:24.709120,62.63,62.67
2025-04-24 19:51:27.760962,62.62,62.66
2025-04-24 19:51:31.787582,62.61,62.66
2025-04-24 19:51:33.267209,62.61,62.64
2025-04-24 19:53:49.758472,62.64,62.69
2025-04-24 19:54:37.879823,62.66,62.7
2025-04-24 19:54:45.711980,62.63,62.67
2025-04-24 19:54:48.436762,62.64,62.68
2025-04-24 19:54:49.183938,62.65,62.69
2025-04-24 19:54:49.935433,62.66,62.7
2025-04-24 19:54:52.487139,62.63,62.68
2025-04-24 19:55:02.885286,62.62,62.67
2025-04-24 19:55:13.084143,62.63,62.68
2025-04-24 19:55:23.786530,62.66,62.7
2025-04-24 19:55:25.672905,62.67,62.7
2025-04-24 19:55:28.466687,62.66,62.71
2025-04-24 19:55:30.342977,62.66,62.7
2025-04-24 19:55:34.040048,62.66,62.71
2025-04-24 19:55:35.527048,62.66,62.7
2025-04-24 19:55:36.905168,62.63,62.68
2025-04-24 19:55:38.400785,62.66,62.7
2025-04-24 19:55:59.801868,62.67,62.7
2025-04-24 19:56:00.806208,62.66,62.71
2025-04-24 19:56:03.749193,62.66,62.7
2025-04-24 19:56:05.249179,62.66,62.71
2025-04-24 19:56:07.567754,62.66,62.7
2025-04-24 19:56:08.662997,62.64,62.68
2025-04-24 19:56:10.519483,62.67,62.71
2025-04-24 19:56:24.615500,62.66,62.7
2025-04-24 19:56:25.286518,62.65,62.68
2025-04-24 19:56:32.933502,62.66,62.7
2025-04-24 19:56:40.452324,62.65,62.68
2025-04-24 19:56:41.197318,62.65,62.69
2025-04-24 19:56:43.918507,62.64,62.68
2025-04-24 19:56:44.953209,62.66,62.7
2025-04-24 19:56:55.270345,62.69,62.73
2025-04-24 19:56:56.450331,62.68,62.71
2025-04-24 19:57:02.545772,62.67,62.72
2025-04-24 19:57:04.049844,62.69,62.73
2025-04-24 19:57:09.319185,62.69,62.74
2025-04-24 19:57:15.565990,62.69,62.73
2025-04-24 19:57:18.649403,62.67,62.7
2025-04-24 19:57:28.033669,62.66,62.71
2025-04-24 19:57:48.232513,62.69,62.73
2025-04-24 19:57:51.604299,62.66,62.69
2025-04-24 19:57:58.855924,62.65,62.7
2025-04-24 19:57:59.116858,62.68,62.71
2025-04-24 19:58:01.264953,62.67,62.71
2025-04-24 19:58:03.514829,62.65,62.69
2025-04-24 19:58:05.763655,62.67,62.7
2025-04-24 19:58:09.615119,62.67,62.72
2025-04-24 19:58:11.248286,62.65,62.68
2025-04-24 19:58:11.865571,62.65,62.7
2025-04-24 19:58:12.369553,62.65,62.69
2025-04-24 19:58:14.883486,62.65,62.68
2025-04-24 19:58:19.367070,62.65,62.7
2025-04-24 19:58:24.615117,62.68,62.71
2025-04-24 19:58:26.863306,62.65,62.68
2025-04-24 19:59:07.053085,62.65,62.7
2025-04-24 19:59:12.023875,62.67,62.7
2025-04-24 19:59:16.148058,62.66,62.7
2025-04-24 19:59:16.898544,62.69,62.73
2025-04-24 19:59:27.567935,62.68,62.73
2025-04-24 19:59:29.033629,62.69,62.73
2025-04-24 19:59:30.689602,62.69,62.74
2025-04-24 19:59:31.639232,62.67,62.71
2025-04-24 19:59:34.127288,62.68,62.72
2025-04-24 19:59:36.697524,62.67,62.7
2025-04-24 19:59:38.773785,62.69,62.74
2025-04-24 19:59:41.772430,62.68,62.71
2025-04-24 19:59:42.526251,62.67,62.72
2025-04-24 19:59:43.451758,62.68,62.71
2025-04-24 19:59:44.027385,62.67,62.72
2025-04-24 19:59:51.947021,62.7,62.75
2025-04-24 19:59:52.693921,62.69,62.72
2025-04-24 19:59:53.446995,62.7,62.73
2025-04-24 19:59:53.768377,62.7,62.75
2025-04-24 19:59:54.152300,62.68,62.72
2025-04-24 19:59:55.125890,62.7,62.74
2025-04-24 19:59:57.644991,62.67,62.71
2025-04-24 20:00:00.050290,62.66,62.7
2025-04-24 20:00:00.900141,62.67,62.72
2025-04-24 20:00:02.162995,62.68,62.72
2025-04-24 20:00:24.011913,62.68,62.73
2025-04-24 20:00:33.801761,62.69,62.72
2025-04-24 20:00:58.789189,62.71,62.74
2025-04-24 20:00:59.545679,62.7,62.75
2025-04-24 20:01:01.953226,62.71,62.74
2025-04-24 20:01:17.661104,62.71,62.75
2025-04-24 20:01:25.581777,62.7,62.74
2025-04-24 20:01:26.346143,62.69,62.73
2025-04-24 20:01:30.587762,62.68,62.71
2025-04-24 20:01:36.588807,62.68,62.73
2025-04-24 20:01:39.361829,62.7,62.74
2025-04-24 20:01:41.060101,62.7,62.73
2025-04-24 20:01:42.071302,62.68,62.72
2025-04-24 20:01:45.682795,62.7,62.74
2025-04-24 20:01:45.949091,62.74,62.79
2025-04-24 20:01:46.647387,62.73,62.78
2025-04-24 20:01:47.394584,62.74,62.77
2025-04-24 20:01:48.901418,62.75,62.8
2025-04-24 20:01:49.623048,62.72,62.77
2025-04-24 20:01:50.320988,62.72,62.76
2025-04-24 20:01:51.283766,62.71,62.76
2025-04-24 20:01:52.026878,62.73,62.77
2025-04-24 20:01:52.482128,62.71,62.75
2025-04-24 20:01:53.718463,62.7,62.75
2025-04-24 20:01:53.943021,62.71,62.76
2025-04-24 20:01:56.571988,62.72,62.77
2025-04-24 20:01:58.023283,62.71,62.75
2025-04-24 20:01:59.826167,62.73,62.77
2025-04-24 20:02:00.265187,62.71,62.75
2025-04-24 20:02:01.455844,62.73,62.76
2025-04-24 20:02:02.196258,62.73,62.77
2025-04-25 12:56:37.915101,61.96,62.01
2025-04-25 12:56:38.685839,61.97,62.0
2025-04-25 12:56:42.539913,61.94,61.99
2025-04-25 12:56:58.737827,61.96,62.0
2025-04-25 12:57:08.419148,61.97,62.02
2025-04-25 12:57:09.273080,61.96,62.0
2025-04-25 12:57:11.616595,62.0,62.03
2025-04-25 12:57:12.606928,62.0,62.04
2025-04-25 12:57:17.222669,61.97,62.0
2025-04-25 12:57:22.742911,61.98,62.02
2025-04-25 12:57:24.665858,61.96,61.99
2025-04-25 12:57:28.673181,61.97,62.0
2025-04-25 12:57:29.350619,61.98,62.01
2025-04-25 12:57:30.433110,61.96,62.01
2025-04-25 12:57:32.275890,61.98,62.02
2025-04-25 12:57:36.706135,61.96,62.0
2025-04-25 12:57:37.950546,61.99,62.03
2025-04-25 12:57:38.387219,61.97,62.01
2025-04-25 12:57:39.490936,61.98,62.02
2025-04-25 12:57:40.844151,61.96,62.0
2025-04-25 12:57:48.259633,61.98,62.02
2025-04-25 12:57:48.812766,61.96,61.99
2025-04-25 12:57:50.586239,61.98,62.03
2025-04-25 12:57:51.655171,61.99,62.02
2025-04-25 12:57:52.697537,61.96,62.0
2025-04-25 12:57:57.114078,61.98,62.02
2025-04-25 12:58:08.976567,61.97,62.01
2025-04-25 12:58:11.154824,61.97,62.02
2025-04-25 12:58:12.281835,61.97,62.01
2025-04-25 12:58:13.987089,61.97,62.02
2025-04-25 12:58:14.724078,61.95,61.99
2025-04-25 12:58:21.241061,61.97,62.02
2025-04-25 12:58:23.293622,61.97,62.01
2025-04-25 12:58:28.776172,61.95,62.0
2025-04-25 12:58:29.003846,61.97,62.0
2025-04-25 12:58:42.458723,61.98,62.02
2025-04-25 12:58:54.901307,61.97,62.01
2025-04-25 12:58:55.448828,61.97,62.02
2025-04-25 12:58:56.892891,61.96,62.0
2025-04-25 12:59:00.298600,61.95,61.98
2025-04-25 12:59:02.777410,61.94,61.97
2025-04-25 12:59:05.929728,61.93,61.98
2025-04-25 12:59:06.248532,61.93,61.97
2025-04-25 12:59:08.913627,61.94,61.98
2025-04-25 12:59:09.348980,61.92,61.96
2025-04-25 12:59:09.784697,61.93,61.96
2025-04-25 12:59:12.802771,61.93,61.97
2025-04-25 12:59:17.758482,61.95,62.0
2025-04-25 12:59:18.834687,61.96,61.99
2025-04-25 12:59:32.352305,61.95,62.0
2025-04-25 12:59:33.100152,61.94,61.98
2025-04-25 12:59:33.703943,61.94,61.99
2025-04-25 12:59:37.513806,61.92,61.96
2025-04-25 12:59:38.425284,61.95,61.98
2025-04-25 12:59:43.514901,61.94,61.98
2025-04-25 12:59:45.858516,61.92,61.96
2025-04-25 12:59:46.118070,61.93,61.97
2025-04-25 12:59:50.607195,61.94,61.99
2025-04-25 12:59:51.452353,61.95,61.99
2025-04-25 12:59:55.150242,61.94,61.98
2025-04-25 12:59:55.476505,61.95,61.99
2025-04-25 12:59:55.958206,61.93,61.97
2025-04-25 12:59:57.763395,61.93,61.96
2025-04-25 12:59:58.095220,61.95,62.0
2025-04-25 12:59:58.433596,61.94,61.98
2025-04-25 12:59:59.064971,61.95,62.0
2025-04-25 13:00:00.431426,61.98,62.01
2025-04-25 13:00:01.920625,61.96,62.01
2025-04-25 13:00:02.554497,62.0,62.03
2025-04-25 13:00:02.926467,61.99,62.03
2025-04-25 13:00:03.470196,62.01,62.05
2025-04-25 13:00:03.555972,61.98,62.02
2025-04-25 13:00:03.978006,61.96,61.99
2025-04-25 13:00:05.041466,61.97,62.01
2025-04-25 13:00:06.223766,61.95,62.0
2025-04-25 13:00:06.291460,61.97,62.01
2025-04-25 13:00:06.839717,61.97,62.0
2025-04-25 13:00:07.587982,61.94,61.99
2025-04-25 13:00:08.296662,61.97,62.01
2025-04-25 13:00:08.837896,61.96,62.0
2025-04-25 13:00:09.059760,61.96,61.99
2025-04-25 13:00:09.340383,61.98,62.02
2025-04-25 13:00:09.714524,61.95,61.99
2025-04-25 13:00:10.993410,61.95,61.98
2025-04-25 13:00:11.688890,61.95,61.99
2025-04-25 13:00:11.927983,61.96,61.99
2025-04-25 13:00:12.248655,61.96,62.0
2025-04-25 13:00:14.009996,61.94,61.98
2025-04-25 13:00:14.272125,61.96,62.0
2025-04-25 13:00:15.897910,61.95,61.99
2025-04-25 13:00:16.429082,61.98,62.01
2025-04-25 13:00:16.812854,61.97,62.02
2025-04-25 13:00:18.213308,61.98,62.01
2025-04-25 13:00:18.652717,61.95,61.99
2025-04-25 13:00:19.062931,61.97,62.0
2025-04-25 13:00:19.308338,61.95,62.0
2025-04-25 13:00:19.503199,61.94,61.99
2025-04-25 13:00:20.067720,61.95,61.99
2025-04-25 13:00:20.289277,61.94,61.98
2025-04-25 13:00:21.180456,61.91,61.95
2025-04-25 13:00:22.221851,61.91,61.96
2025-04-25 13:00:22.603171,61.93,61.97
2025-04-25 13:00:23.067978,61.9,61.95
2025-04-25 13:00:23.485130,61.89,61.94
2025-04-25 13:00:24.257007,61.91,61.94
2025-04-25 13:00:24.565504,61.94,61.98
2025-04-25 13:00:25.661678,61.91,61.95
2025-04-25 13:00:27.604867,61.9,61.94
2025-04-25 13:00:28.225688,61.91,61.95
2025-04-25 13:00:28.466283,61.86,61.9
2025-04-25 13:00:28.714413,61.87,61.92
2025-04-25 13:00:29.056943,61.88,61.92
2025-04-25 13:00:29.510876,61.87,61.91
2025-04-25 13:00:30.528811,61.9,61.95
2025-04-25 13:00:31.023778,61.9,61.94
2025-04-25 13:00:32.359933,61.88,61.92
2025-04-25 13:00:32.840286,61.9,61.94
2025-04-25 13:00:32.967466,61.85,61.89
2025-04-25 13:00:33.104217,61.85,61.88
2025-04-25 13:00:33.852889,61.87,61.91
2025-04-25 13:00:34.115837,61.84,61.89
2025-04-25 13:00:34.391859,61.87,61.91
2025-04-25 13:00:35.469878,61.84,61.89
2025-04-25 13:00:36.187552,61.87,61.91
2025-04-25 13:00:36.640095,61.86,61.9
2025-04-25 13:00:37.030186,61.88,61.92
2025-04-25 13:00:37.850854,61.9,61.94
2025-04-25 13:00:38.378911,61.91,61.95
2025-04-25 13:00:38.488864,61.9,61.95
2025-04-25 13:00:39.432403,61.89,61.93
2025-04-25 13:00:39.852487,61.9,61.95
2025-04-25 13:00:40.381329,61.91,61.94
2025-04-25 13:00:40.728110,61.91,61.95
2025-04-25 13:00:41.693982,61.9,61.94
2025-04-25 13:00:41.894782,61.92,61.96
2025-04-25 13:00:42.627688,61.93,61.97
2025-04-25 13:00:43.092326,61.95,61.98
2025-04-25 13:00:43.326858,61.93,61.98
2025-04-25 13:00:43.845256,61.96,62.0
2025-04-25 13:00:45.278248,61.95,61.99
2025-04-25 13:00:45.576232,61.98,62.01
2025-04-25 13:00:45.839718,61.96,62.0
2025-04-25 13:00:46.443308,61.99,62.03
2025-04-25 13:00:46.741536,61.95,61.99
2025-04-25 13:00:46.994744,61.98,62.01
2025-04-25 13:00:47.536310,61.97,62.0
2025-04-25 13:00:48.030492,61.96,62.0
2025-04-25 13:00:48.523105,61.95,62.0
2025-04-25 13:00:48.850383,61.95,61.98
2025-04-25 13:00:49.112013,61.95,61.99
2025-04-25 13:00:49.221620,61.94,61.97
2025-04-25 13:00:49.829056,61.95,61.99
2025-04-25 13:00:50.085150,61.96,62.0
2025-04-25 13:00:51.071927,61.96,62.01
2025-04-25 13:00:51.706657,61.97,62.02
2025-04-25 13:00:52.704248,61.96,62.0
2025-04-25 13:00:53.661846,61.97,62.0
2025-04-25 13:00:54.681714,61.97,62.01
2025-04-25 13:00:56.087888,61.96,62.01
2025-04-25 13:00:56.749199,61.99,62.03
2025-04-25 13:00:56.981345,61.98,62.03
2025-04-25 13:00:57.428438,61.99,62.03
2025-04-25 13:00:57.907218,61.98,62.02
2025-04-25 13:00:58.804014,61.98,62.03
2025-04-25 13:00:59.056561,61.99,62.02
2025-04-25 13:00:59.946093,62.01,62.06
2025-04-25 13:01:00.038853,61.99,62.02
2025-04-25 13:01:00.416644,62.0,62.04
2025-04-25 13:01:01.401111,61.98,62.02
2025-04-25 13:01:01.747388,61.99,62.03
2025-04-25 13:01:02.456024,61.96,62.01
2025-04-25 13:01:03.443027,61.95,61.99
2025-04-25 13:01:04.293918,61.97,62.02
2025-04-25 13:01:04.648924,61.96,61.99
2025-04-25 13:01:05.535597,61.97,62.01
2025-04-25 13:01:06.531748,61.95,61.99
2025-04-25 13:01:07.334459,61.96,62.01
2025-04-25 13:01:08.125462,61.96,61.99
2025-04-25 13:01:08.408078,61.95,61.98
2025-04-25 13:01:08.857257,61.96,62.0
2025-04-25 13:01:09.816592,61.97,62.02
2025-04-25 13:01:10.243375,61.97,62.01
2025-04-25 13:01:11.610626,61.96,62.01
2025-04-25 13:01:12.450054,61.95,61.98
2025-04-25 13:01:12.496618,61.97,62.01
2025-04-25 13:01:12.943635,61.95,62.0
2025-04-25 13:01:13.156260,61.96,62.0
2025-04-25 13:01:13.819380,61.99,62.02
2025-04-25 13:01:13.907085,61.99,62.04
2025-04-25 13:01:14.232119,61.97,62.01
2025-04-25 13:01:14.817767,62.0,62.03
2025-04-25 13:01:15.314391,61.99,62.04
2025-04-25 13:01:16.019406,61.99,62.03
2025-04-25 13:01:16.722251,62.0,62.03
2025-04-25 13:01:16.908109,61.97,62.0
2025-04-25 13:01:17.626403,62.0,62.03
2025-04-25 13:01:17.993983,61.97,62.02
2025-04-25 13:01:19.613678,62.0,62.05
2025-04-25 13:01:19.965862,62.0,62.04
2025-04-25 13:01:20.326016,62.0,62.03
2025-04-25 13:01:20.816462,61.98,62.02
2025-04-25 13:01:21.158833,61.97,62.02
2025-04-25 13:01:21.437110,61.97,62.01
2025-04-25 13:01:22.359389,61.96,62.0
2025-04-25 13:01:22.785213,61.97,62.01
2025-04-25 13:01:22.874170,61.98,62.01
2025-04-25 13:01:23.513479,61.99,62.02
2025-04-25 13:01:26.749668,61.96,62.01
2025-04-25 13:01:31.082159,61.99,62.04
2025-04-25 13:01:31.624777,61.99,62.02
2025-04-25 13:01:32.720755,62.0,62.04
2025-04-25 13:01:32.735294,62.02,62.06
2025-04-25 13:01:34.129103,62.01,62.05
2025-04-25 13:01:36.694598,62.0,62.04
2025-04-25 13:01:37.272676,62.01,62.06
2025-04-25 13:01:37.504055,61.98,62.02
2025-04-25 13:01:38.509297,62.01,62.05
2025-04-25 13:01:39.601678,61.98,62.02
2025-04-25 13:01:39.953878,62.01,62.04
2025-04-25 13:01:40.230986,62.01,62.06
2025-04-25 13:01:41.734855,62.02,62.05
2025-04-25 13:01:42.000489,62.03,62.08
2025-04-25 13:01:42.902372,62.02,62.05
2025-04-25 13:01:44.099445,62.02,62.06
2025-04-25 13:01:45.537838,62.0,62.04
2025-04-25 13:01:46.586636,61.99,62.03
2025-04-25 13:01:47.109044,62.0,62.03
2025-04-25 13:01:47.937629,61.99,62.04
2025-04-25 13:01:48.251839,62.0,62.03
2025-04-25 13:01:48.912136,61.98,62.02
2025-04-25 13:01:49.505832,62.01,62.04
2025-04-25 13:01:49.788734,62.0,62.03
2025-04-25 13:01:50.084716,62.01,62.05
2025-04-25 13:01:51.745326,62.02,62.05
2025-04-25 13:01:53.405030,62.0,62.05
2025-04-25 13:01:58.547531,62.02,62.06
2025-04-25 13:01:59.081734,61.99,62.04
2025-04-25 13:01:59.591743,61.97,62.02
2025-04-25 13:01:59.889425,62.0,62.05
2025-04-25 13:02:01.493363,61.98,62.02
2025-04-25 13:02:01.951042,62.01,62.05
2025-04-25 13:02:02.278245,62.0,62.03
2025-04-25 13:02:03.119901,62.0,62.04
2025-04-25 13:02:03.415503,61.97,62.01
2025-04-25 13:02:04.254614,61.97,62.0
2025-04-25 13:02:05.059001,61.98,62.01
2025-04-25 13:02:05.371274,61.99,62.03
2025-04-25 13:02:05.957227,62.0,62.03
2025-04-25 13:02:06.525061,61.98,62.03
2025-04-25 13:02:07.385955,62.01,62.05
2025-04-25 13:02:07.786877,62.0,62.03
2025-04-25 13:02:10.051255,61.98,62.02
2025-04-25 13:02:10.334063,62.0,62.06
2025-04-25 13:02:10.565716,62.06,62.1
2025-04-25 13:02:11.007378,62.06,62.11
2025-04-25 13:02:11.255585,62.06,62.1
2025-04-25 13:02:11.788881,62.03,62.07
2025-04-25 13:02:12.004680,62.05,62.09
2025-04-25 13:02:13.257914,62.05,62.08
2025-04-25 13:02:13.414706,62.02,62.06
2025-04-25 13:02:14.689483,62.04,62.09
2025-04-25 13:02:15.471585,62.02,62.06
2025-04-25 13:02:15.766902,62.03,62.08
2025-04-25 13:02:16.005876,62.03,62.07
2025-04-25 13:02:16.454550,62.01,62.05
2025-04-25 13:02:18.938748,61.99,62.04
2025-04-25 13:02:19.130014,62.02,62.06
2025-04-25 13:02:19.792593,62.02,62.05
2025-04-25 13:02:20.750892,62.02,62.06
2025-04-25 13:02:20.996088,62.03,62.06
2025-04-25 13:02:21.219267,62.03,62.08
2025-04-25 13:02:21.688853,62.03,62.06
2025-04-25 13:02:22.237847,62.03,62.08
2025-04-25 13:02:23.025995,62.01,62.05
2025-04-25 13:02:23.971945,62.02,62.06
2025-04-25 13:02:25.065658,62.0,62.05
2025-04-25 13:02:27.036072,62.01,62.05
2025-04-25 13:02:27.793859,62.04,62.09
2025-04-25 13:02:29.042646,62.04,62.08
2025-04-25 13:02:30.305509,62.04,62.07
2025-04-25 13:02:31.921055,62.04,62.08
2025-04-25 13:02:32.923470,62.05,62.1
2025-04-25 13:02:33.205915,62.05,62.09
2025-04-25 13:02:34.031140,62.04,62.08
2025-04-25 13:02:35.131446,62.05,62.09
2025-04-25 13:02:35.423001,62.02,62.06
2025-04-25 13:02:35.627941,62.04,62.07
2025-04-25 13:02:37.383094,62.04,62.09
2025-04-25 13:02:38.834175,62.02,62.06
2025-04-25 13:02:38.997471,62.04,62.09
2025-04-25 13:02:40.033194,62.05,62.1
2025-04-25 13:02:40.285923,62.06,62.09
2025-04-25 13:02:40.583443,62.05,62.09
2025-04-25 13:02:41.085064,62.04,62.08
2025-04-25 13:02:41.565862,62.06,62.09
2025-04-25 13:02:45.136806,62.04,62.07
2025-04-25 13:02:45.604564,62.07,62.1
2025-04-25 13:02:46.186579,62.07,62.11
2025-04-25 13:02:46.469323,62.05,62.09
2025-04-25 13:02:46.993217,62.04,62.09
2025-04-25 13:28:31.454143,62.26,62.31
2025-04-25 13:28:33.540127,62.28,62.31
2025-04-25 13:28:38.461040,62.27,62.32
2025-04-25 13:28:39.862954,62.28,62.31
2025-04-25 13:28:47.304432,62.26,62.31
2025-04-25 13:28:47.654479,62.28,62.32
2025-04-25 13:28:55.874802,62.26,62.29
2025-04-25 13:28:56.673809,62.27,62.32
2025-04-25 13:28:57.674951,62.26,62.3
2025-04-25 13:28:59.218968,62.25,62.3
2025-04-25 13:29:00.042998,62.26,62.29
2025-04-25 13:29:00.282051,62.27,62.3
2025-04-25 13:29:01.263764,62.27,62.31
2025-04-25 13:29:01.617224,62.26,62.29
2025-04-25 13:29:02.618050,62.26,62.31
2025-04-25 13:29:03.786785,62.29,62.32
2025-04-25 13:29:13.981296,62.27,62.31
2025-04-25 13:29:15.518448,62.3,62.33
2025-04-25 13:29:17.444230,62.29,62.33
2025-04-25 13:29:19.576298,62.29,62.32
2025-04-25 13:29:19.787959,62.28,62.32
2025-04-25 13:29:20.870544,62.26,62.29
2025-04-25 13:29:21.405607,62.26,62.3
2025-04-25 13:29:21.929914,62.27,62.3
2025-04-25 13:29:23.792567,62.29,62.33
2025-04-25 13:29:25.956740,62.3,62.33
2025-04-25 13:29:35.355044,62.3,62.34
2025-04-25 13:29:35.898204,62.3,62.35
2025-04-25 13:29:36.190619,62.32,62.37
2025-04-25 13:29:36.620460,62.34,62.38
2025-04-25 13:29:36.963788,62.31,62.35
2025-04-25 13:29:39.904942,62.34,62.37
2025-04-25 13:29:41.276566,62.31,62.35
2025-04-25 13:29:41.795827,62.33,62.38
2025-04-25 13:29:42.516151,62.34,62.38
2025-04-25 13:29:44.663645,62.31,62.36
2025-04-25 13:29:45.630474,62.33,62.38
2025-04-25 13:29:45.858349,62.34,62.37
2025-04-25 13:29:46.429317,62.34,62.39
2025-04-25 13:29:49.925011,62.35,62.38
2025-04-25 13:29:51.401770,62.34,62.38
2025-04-25 13:29:52.984701,62.32,62.35
2025-04-25 13:29:53.483170,62.33,62.38
2025-04-25 13:29:55.032217,62.31,62.34
2025-04-25 13:29:57.967779,62.33,62.37
2025-04-25 13:29:59.793825,62.3,62.35
2025-04-25 13:30:00.032988,62.32,62.36
2025-04-25 13:30:00.226998,62.29,62.33
2025-04-25 13:30:00.606277,62.31,62.35
2025-04-25 13:30:00.896662,62.3,62.34
2025-04-25 13:30:01.336555,62.32,62.35
2025-04-25 13:30:01.522768,62.33,62.37
2025-04-25 13:30:02.006271,62.35,62.39
2025-04-25 13:30:02.254732,62.32,62.37
2025-04-25 13:30:03.127184,62.32,62.36
2025-04-25 13:30:03.293148,62.32,62.35
2025-04-25 13:30:04.907014,62.33,62.37
2025-04-25 13:30:05.784670,62.32,62.37
2025-04-25 13:30:06.157458,62.32,62.35
2025-04-25 13:30:06.689170,62.34,62.38
2025-04-25 13:30:07.166699,62.34,62.37
2025-04-25 13:30:07.640195,62.31,62.35
2025-04-25 13:30:08.314063,62.31,62.34
2025-04-25 13:30:08.967961,62.34,62.38
2025-04-25 13:30:09.787522,62.35,62.39
2025-04-25 13:30:10.757169,62.33,62.36
2025-04-25 13:30:11.180189,62.35,62.38
2025-04-25 13:30:12.098932,62.35,62.4
2025-04-25 13:30:12.368011,62.36,62.4
2025-04-25 13:30:12.606473,62.35,62.39
2025-04-25 13:30:13.261684,62.35,62.38
2025-04-25 13:30:14.200014,62.36,62.41
2025-04-25 13:30:14.409968,62.34,62.37
2025-04-25 13:30:14.612941,62.36,62.4
2025-04-25 13:30:15.236662,62.34,62.39
2025-04-25 13:30:15.690005,62.34,62.37
2025-04-25 13:30:16.370977,62.34,62.38
2025-04-25 13:30:17.489096,62.37,62.4
2025-04-25 13:30:17.984429,62.34,62.39
2025-04-25 13:30:18.739745,62.37,62.41
2025-04-25 13:30:20.402016,62.39,62.44
2025-04-25 13:30:20.715130,62.37,62.41
2025-04-25 13:30:21.800097,62.37,62.4
2025-04-25 13:30:22.570944,62.39,62.44
2025-04-25 13:30:22.793787,62.37,62.4
2025-04-25 13:30:24.377866,62.36,62.41
2025-04-25 13:30:24.614652,62.36,62.4
2025-04-25 13:30:25.019975,62.36,62.41
2025-04-25 13:30:25.266659,62.34,62.38
2025-04-25 13:30:27.170923,62.36,62.41
2025-04-25 13:30:28.401523,62.36,62.39
2025-04-25 13:30:28.863049,62.32,62.36
2025-04-25 13:30:29.292665,62.33,62.36
2025-04-25 13:30:29.523878,62.32,62.37
2025-04-25 13:30:29.715322,62.35,62.39
2025-04-25 13:30:30.495099,62.32,62.37
2025-04-25 13:30:30.961729,62.35,62.39
2025-04-25 13:30:33.011580,62.32,62.37
2025-04-25 13:30:33.957343,62.32,62.35
2025-04-25 13:30:34.190452,62.32,62.36
2025-04-25 13:30:35.167768,62.34,62.38
2025-04-25 13:30:35.397194,62.33,62.38
2025-04-25 13:30:36.706291,62.34,62.38
2025-04-25 13:30:36.971792,62.33,62.38
2025-04-25 13:30:39.258121,62.33,62.37
2025-04-25 13:30:41.503537,62.34,62.38
2025-04-25 13:30:43.134166,62.33,62.38
2025-04-25 13:30:44.253768,62.33,62.37
2025-04-25 13:30:46.599209,62.32,62.36
2025-04-25 13:30:47.259668,62.31,62.34
2025-04-25 13:30:47.462974,62.3,62.33
2025-04-25 13:30:47.997580,62.3,62.34
2025-04-25 13:30:48.563498,62.33,62.36
2025-04-25 13:30:49.664302,62.3,62.35
2025-04-25 13:30:49.888402,62.33,62.37
2025-04-25 13:30:50.351669,62.32,62.36
2025-04-25 13:31:28.656537,62.34,62.39
2025-04-25 13:31:29.077256,62.32,62.37
2025-04-25 13:31:29.752751,62.34,62.38
2025-04-25 13:31:31.389437,62.34,62.39
2025-04-25 13:31:32.779215,62.33,62.37
2025-04-25 13:31:33.820946,62.33,62.36
2025-04-25 13:31:35.787095,62.35,62.4
2025-04-25 13:31:37.420026,62.36,62.39
2025-04-25 13:31:38.025217,62.35,62.39
2025-04-25 13:31:42.698441,62.33,62.37
2025-04-25 13:31:44.217550,62.33,62.38
2025-04-25 13:31:44.815184,62.35,62.39
2025-04-25 13:31:49.701313,62.35,62.4
2025-04-25 13:31:52.223921,62.35,62.39
2025-04-25 13:31:53.175154,62.32,62.36
2025-04-25 13:31:57.308315,62.34,62.37
2025-04-25 13:31:59.401657,62.33,62.37
2025-04-25 13:31:59.902119,62.34,62.37
2025-04-25 13:32:00.118583,62.31,62.35
2025-04-25 13:32:01.359756,62.33,62.37
2025-04-25 13:32:01.743109,62.32,62.36
2025-04-25 13:32:03.317947,62.32,62.37
2025-04-25 13:32:04.061904,62.34,62.37
2025-04-25 13:32:05.881367,62.33,62.38
2025-04-25 13:32:06.992541,62.34,62.38
2025-04-25 13:32:07.908044,62.31,62.35
2025-04-25 13:32:09.002962,62.31,62.36
2025-04-25 13:32:11.939100,62.32,62.36
2025-04-25 13:32:13.810931,62.31,62.36
2025-04-25 13:32:14.390621,62.34,62.37
2025-04-25 13:32:15.166333,62.34,62.38
2025-04-25 13:32:16.542714,62.32,62.37
2025-04-25 13:32:16.860405,62.34,62.38
2025-04-25 13:32:19.638370,62.31,62.36
2025-04-25 13:32:20.363707,62.31,62.34
2025-04-25 13:32:21.360571,62.31,62.36
2025-04-25 13:32:22.255695,62.34,62.38
2025-04-25 13:32:22.460729,62.33,62.38
2025-04-25 13:32:22.923452,62.33,62.37
2025-04-25 13:32:24.062731,62.3,62.35
2025-04-25 13:32:24.529950,62.33,62.37
2025-04-25 13:32:25.490168,62.34,62.39
2025-04-25 13:32:26.847514,62.33,62.37
2025-04-25 13:32:27.245596,62.32,62.37
2025-04-25 13:32:28.007792,62.32,62.35
2025-04-25 13:32:29.063004,62.33,62.38
2025-04-25 13:32:29.410598,62.3,62.34
2025-04-25 13:32:32.673847,62.31,62.35
2025-04-25 13:32:33.245692,62.31,62.34
2025-04-25 13:32:35.527866,62.31,62.36
2025-04-25 13:32:36.259942,62.31,62.35
2025-04-25 13:32:36.489055,62.33,62.37
2025-04-25 13:32:37.760927,62.33,62.38
2025-04-25 13:32:38.013881,62.31,62.34
2025-04-25 13:32:38.662538,62.32,62.37
2025-04-25 13:32:39.124993,62.32,62.35
2025-04-25 13:32:39.380114,62.34,62.37
2025-04-25 13:32:40.275222,62.33,62.37
2025-04-25 13:32:41.211665,62.31,62.36
2025-04-25 13:32:41.457955,62.31,62.35
2025-04-25 13:32:41.878365,62.31,62.36
2025-04-25 13:32:42.515493,62.33,62.37
2025-04-25 13:32:42.712569,62.31,62.36
2025-04-25 13:32:43.311955,62.33,62.37
2025-04-25 13:32:45.756234,62.31,62.35
2025-04-25 13:32:46.495472,62.33,62.38
2025-04-25 13:32:50.178520,62.31,62.34
2025-04-25 13:32:52.024050,62.31,62.36
2025-04-25 13:32:52.422556,62.31,62.35
2025-04-25 13:32:52.673742,62.33,62.37
2025-04-25 13:32:52.946523,62.33,62.36
2025-04-25 13:32:53.396343,62.31,62.35
2025-04-25 13:32:54.579595,62.33,62.37
2025-04-25 13:32:54.893178,62.34,62.37
2025-04-25 13:32:55.273590,62.33,62.37
2025-04-25 13:32:55.375124,62.34,62.38
2025-04-25 13:32:56.046244,62.31,62.34
2025-04-25 13:32:57.195540,62.33,62.38
2025-04-25 13:32:58.092083,62.32,62.36
2025-04-25 13:32:58.533237,62.31,62.35
2025-04-25 13:32:59.009220,62.3,62.35
2025-04-25 13:33:00.010234,62.32,62.35
2025-04-25 13:33:00.240010,62.33,62.36
2025-04-25 13:33:00.491992,62.33,62.37
2025-04-25 13:33:01.032026,62.33,62.36
2025-04-25 13:33:05.837287,62.34,62.38
2025-04-25 13:33:06.283215,62.33,62.37
2025-04-25 13:33:06.489325,62.34,62.37
2025-04-25 13:33:07.518204,62.34,62.39
2025-04-25 13:33:08.642483,62.35,62.39
2025-04-25 13:33:09.393153,62.36,62.41
2025-04-25 13:33:10.148740,62.38,62.43
2025-04-25 13:33:12.183694,62.39,62.44
2025-04-25 13:33:12.433986,62.38,62.43
2025-04-25 13:33:12.654418,62.41,62.44
2025-04-25 13:33:12.729313,62.4,62.43
2025-04-25 13:33:12.858054,62.42,62.47
2025-04-25 13:33:13.103073,62.41,62.44
2025-04-25 13:33:14.214991,62.42,62.47
2025-04-25 13:33:14.929587,62.4,62.44
2025-04-25 13:33:17.201276,62.4,62.45
2025-04-25 13:33:17.943857,62.4,62.44
2025-04-25 13:33:20.192175,62.41,62.46
2025-04-25 13:33:21.264762,62.41,62.45
2025-04-25 13:33:21.961816,62.39,62.43
2025-04-25 13:33:22.262418,62.41,62.45
2025-04-25 13:33:22.726606,62.38,62.43
2025-04-25 13:33:24.685275,62.41,62.46
2025-04-25 13:33:25.862519,62.41,62.45
2025-04-25 13:33:26.078670,62.41,62.44
2025-04-25 13:33:26.389585,62.42,62.45
2025-04-25 13:33:27.310759,62.41,62.46
2025-04-25 13:33:28.313149,62.41,62.44
2025-04-25 13:33:29.366986,62.4,62.44
2025-04-25 13:33:31.112569,62.38,62.42
2025-04-25 13:33:31.766493,62.4,62.43
2025-04-25 13:33:32.581871,62.37,62.41
2025-04-25 13:33:33.099585,62.39,62.42
2025-04-25 13:33:33.464681,62.37,62.41
2025-04-25 13:33:34.103231,62.4,62.43
2025-04-25 13:33:34.587568,62.39,62.43
2025-04-25 13:33:35.655577,62.37,62.41
2025-04-25 13:33:36.135989,62.4,62.45
2025-04-25 13:33:36.826980,62.4,62.44
2025-04-25 13:33:37.290635,62.39,62.43
2025-04-25 13:33:37.923835,62.43,62.47
2025-04-25 13:33:38.335935,62.42,62.46
2025-04-25 13:33:39.063422,62.43,62.47
2025-04-25 13:33:40.476852,62.41,62.45
2025-04-25 13:33:40.917715,62.4,62.44
2025-04-25 13:33:41.421479,62.39,62.44
2025-04-25 13:33:41.677820,62.4,62.43
2025-04-25 13:33:41.893428,62.42,62.46
2025-04-25 13:33:42.189921,62.42,62.47
2025-04-25 13:33:42.478931,62.39,62.44
2025-04-25 13:33:43.352335,62.42,62.46
2025-04-25 13:33:44.258242,62.42,62.45
2025-04-25 13:33:44.713895,62.43,62.47
2025-04-25 13:33:45.994356,62.4,62.44
2025-04-25 13:33:46.880230,62.41,62.46
2025-04-25 13:33:47.625870,62.39,62.42
2025-04-25 13:33:48.094522,62.39,62.44
2025-04-25 13:33:48.458144,62.39,62.42
2025-04-25 13:33:51.154355,62.38,62.42
2025-04-25 13:33:52.895431,62.4,62.44
2025-04-25 13:33:53.453929,62.39,62.43
2025-04-25 13:33:53.589056,62.38,62.42
2025-04-25 13:33:53.890199,62.41,62.44
2025-04-25 13:33:54.886567,62.38,62.43
2025-04-25 13:33:56.388677,62.42,62.46
2025-04-25 13:33:57.617511,62.4,62.43
2025-04-25 13:33:58.057883,62.4,62.45
2025-04-25 13:33:59.486567,62.42,62.46
2025-04-25 13:33:59.722542,62.44,62.49
2025-04-25 13:34:00.974322,62.42,62.47
2025-04-25 13:34:01.287619,62.44,62.49
2025-04-25 13:34:01.422425,62.45,62.49
2025-04-25 13:34:02.088234,62.42,62.46
2025-04-25 13:34:02.510363,62.44,62.47
2025-04-25 13:34:03.557673,62.44,62.49
2025-04-25 13:34:04.008863,62.42,62.45
2025-04-25 13:34:04.783467,62.42,62.46
2025-04-25 13:34:05.517549,62.43,62.47
2025-04-25 13:34:06.453972,62.46,62.51
2025-04-25 13:34:06.676564,62.48,62.51
2025-04-25 13:34:07.653623,62.46,62.51
2025-04-25 13:34:08.324595,62.44,62.49
2025-04-25 13:34:08.519797,62.46,62.49
2025-04-25 13:34:08.994175,62.43,62.47
2025-04-25 13:34:09.260357,62.42,62.46
2025-04-25 13:34:09.620952,62.44,62.47
2025-04-25 13:34:09.882109,62.41,62.46
2025-04-25 13:34:10.354768,62.42,62.47
2025-04-25 13:34:10.583181,62.43,62.46
2025-04-25 13:34:11.875013,62.44,62.49
2025-04-25 13:34:13.123604,62.45,62.5
2025-04-25 13:34:13.525186,62.45,62.48
2025-04-25 13:34:14.019698,62.43,62.47
2025-04-25 13:34:14.301385,62.45,62.49
2025-04-25 13:34:14.792108,62.45,62.5
2025-04-25 13:34:15.235429,62.44,62.49
2025-04-25 13:34:15.399642,62.45,62.49
2025-04-25 13:34:15.697019,62.44,62.48
2025-04-25 13:34:16.116186,62.47,62.5
2025-04-25 13:34:16.370525,62.46,62.49
2025-04-25 13:34:16.976544,62.43,62.48
2025-04-25 13:34:19.071966,62.44,62.47
2025-04-25 13:34:22.266863,62.42,62.46
2025-04-25 13:34:22.922935,62.44,62.48
2025-04-25 13:34:23.192582,62.43,62.47
2025-04-25 13:34:24.436668,62.42,62.46
2025-04-25 13:34:25.103403,62.43,62.48
2025-04-25 13:34:25.326236,62.44,62.47
2025-04-25 13:34:25.561750,62.41,62.45
2025-04-25 13:34:34.301989,62.42,62.46
2025-04-25 13:34:34.549688,62.41,62.45
2025-04-25 13:34:35.288121,62.42,62.47
2025-04-25 13:34:35.700616,62.44,62.48
2025-04-25 13:34:35.943092,62.42,62.46
2025-04-25 13:34:36.693447,62.44,62.49
2025-04-25 13:34:37.662000,62.43,62.48
2025-04-25 13:34:44.590567,62.42,62.46
2025-04-25 13:34:45.023639,62.44,62.47
2025-04-25 13:34:46.505508,62.43,62.47
2025-04-25 13:34:47.840773,62.44,62.49
2025-04-25 13:34:51.365877,62.48,62.52
2025-04-25 13:34:51.696708,62.48,62.53
2025-04-25 13:34:52.132296,62.48,62.52
2025-04-25 13:34:53.313338,62.45,62.5
2025-04-25 13:34:54.906599,62.47,62.5
2025-04-25 13:34:56.496527,62.44,62.49
2025-04-25 13:34:58.497688,62.45,62.48
2025-04-25 13:35:00.813807,62.47,62.52
2025-04-25 13:35:01.133515,62.44,62.48
2025-04-25 13:35:01.401725,62.46,62.5
2025-04-25 13:35:02.266509,62.46,62.51
2025-04-25 13:35:03.814455,62.44,62.48
2025-04-25 13:35:04.649272,62.44,62.49
2025-04-25 13:35:05.541594,62.47,62.51
2025-04-25 13:35:06.107648,62.45,62.49
2025-04-25 13:35:07.544395,62.45,62.5
2025-04-25 13:35:07.812162,62.46,62.49
2025-04-25 13:35:09.283331,62.44,62.49
2025-04-25 13:35:10.252195,62.43,62.47
2025-04-25 13:35:10.589735,62.46,62.5
2025-04-25 13:35:10.922109,62.45,62.49
2025-04-25 13:35:11.268907,62.43,62.48
2025-04-25 13:35:11.476344,62.46,62.49
2025-04-25 13:35:11.944938,62.43,62.48
2025-04-25 13:35:12.262634,62.46,62.49
2025-04-25 13:35:15.118680,62.46,62.5
2025-04-25 13:35:15.327101,62.44,62.47
2025-04-25 13:35:15.663015,62.44,62.49
2025-04-25 13:35:16.392740,62.44,62.48
2025-04-25 13:35:17.021688,62.43,62.47
2025-04-25 13:35:17.437556,62.44,62.47
2025-04-25 13:35:17.785905,62.46,62.5
2025-04-25 13:35:18.012096,62.46,62.49
2025-04-25 13:42:18.369122,62.34,62.38
2025-04-25 13:42:19.110188,62.35,62.38
2025-04-25 13:42:19.570855,62.36,62.41
2025-04-25 13:42:19.699079,62.37,62.41
2025-04-25 13:42:20.809914,62.37,62.42
2025-04-25 13:42:21.731995,62.37,62.41
2025-04-25 13:42:22.155926,62.37,62.42
2025-04-25 13:42:27.008361,62.38,62.41
2025-04-25 13:42:33.515248,62.36,62.4
2025-04-25 13:42:36.035392,62.34,62.38
2025-04-25 13:42:38.720849,62.33,62.37
2025-04-25 13:42:39.234469,62.33,62.36
2025-04-25 13:42:41.470936,62.33,62.37
2025-04-25 13:42:45.478305,62.36,62.41
2025-04-25 13:42:46.704943,62.37,62.41
2025-04-25 13:42:47.634213,62.34,62.38
2025-04-25 13:42:48.547218,62.35,62.38
2025-04-25 13:42:49.893452,62.36,62.4
2025-04-25 13:42:51.312751,62.33,62.37
2025-04-25 13:42:56.116172,62.36,62.39
2025-04-25 13:42:56.514407,62.33,62.37
2025-04-25 13:42:58.020301,62.36,62.39
2025-04-25 13:42:59.918850,62.33,62.38
2025-04-25 13:43:00.838291,62.36,62.4
2025-04-25 13:43:01.095569,62.34,62.39
2025-04-25 13:43:01.344475,62.36,62.4
2025-04-25 13:43:01.557266,62.34,62.38
2025-04-25 13:43:02.476818,62.33,62.38
2025-04-25 13:43:02.925079,62.36,62.39
2025-04-25 13:43:03.857248,62.33,62.38
2025-04-25 13:43:04.722651,62.35,62.39
2025-04-25 13:43:05.170547,62.33,62.37
2025-04-25 13:43:06.385827,62.31,62.35
2025-04-25 13:43:07.401152,62.34,62.38
2025-04-25 13:43:08.329998,62.33,62.37
2025-04-25 13:43:09.527337,62.34,62.37
2025-04-25 13:43:10.960970,62.32,62.36
2025-04-25 13:43:11.540252,62.33,62.36
2025-04-25 13:43:12.028142,62.34,62.38
2025-04-25 13:43:13.414141,62.36,62.41
2025-04-25 13:43:14.046706,62.36,62.4
2025-04-25 13:43:16.985881,62.36,62.41
2025-04-25 13:43:17.470280,62.37,62.42
2025-04-25 13:43:17.578768,62.38,62.41
2025-04-25 13:43:18.856364,62.36,62.4
2025-04-25 13:43:19.549590,62.38,62.41
2025-04-25 13:43:23.594870,62.38,62.43
2025-04-25 13:43:24.098385,62.4,62.44
2025-04-25 13:43:24.559263,62.38,62.41
2025-04-25 13:43:26.427453,62.4,62.45
2025-04-25 13:43:28.363636,62.38,62.43
2025-04-25 13:43:31.365187,62.4,62.43
2025-04-25 13:43:35.487757,62.39,62.44
2025-04-25 13:43:35.708759,62.36,62.4
2025-04-25 13:43:40.743859,62.38,62.42
2025-04-25 13:43:42.613596,62.36,62.39
2025-04-25 13:43:43.793203,62.36,62.41
2025-04-25 13:43:46.094193,62.38,62.42
2025-04-25 13:43:46.440772,62.34,62.38
2025-04-25 13:43:46.977389,62.36,62.4
2025-04-25 13:43:48.418116,62.35,62.4
2025-04-25 13:43:49.623460,62.37,62.42
2025-04-25 13:43:52.894003,62.34,62.39
2025-04-25 13:43:53.217749,62.36,62.41
2025-04-25 13:43:54.717105,62.35,62.4
2025-04-25 13:43:56.491845,62.36,62.39
2025-04-25 13:44:02.738917,62.33,62.37
2025-04-25 13:44:03.047208,62.33,62.36
2025-04-25 13:44:06.667290,62.33,62.38
2025-04-25 13:44:09.916961,62.33,62.37
2025-04-25 13:44:10.893148,62.34,62.38
2025-04-25 13:44:11.761135,62.32,62.36
2025-04-25 13:44:12.737198,62.33,62.36
2025-04-25 13:44:19.947697,62.3,62.35
2025-04-25 13:44:20.232674,62.3,62.34
2025-04-25 13:44:22.810082,62.32,62.35
2025-04-25 13:44:23.313200,62.3,62.33
2025-04-25 13:44:23.891257,62.32,62.37
2025-04-25 13:44:24.185686,62.33,62.36
2025-04-25 13:44:25.554406,62.34,62.38
2025-04-25 13:44:26.248473,62.32,62.35
2025-04-25 13:44:26.917064,62.32,62.36
2025-04-25 13:44:30.625797,62.33,62.38
2025-04-25 13:44:30.834745,62.33,62.37
2025-04-25 13:44:31.285395,62.34,62.37
2025-04-25 13:44:33.247247,62.35,62.39
2025-04-25 13:44:34.649057,62.36,62.4
2025-04-25 13:44:35.820146,62.35,62.39
2025-04-25 13:44:50.589585,62.36,62.4
2025-04-25 13:44:51.231887,62.37,62.41
2025-04-25 13:44:57.685570,62.35,62.4
2025-04-25 13:44:58.092392,62.35,62.39
2025-04-25 13:45:00.765341,62.36,62.4
2025-04-25 13:45:01.561636,62.37,62.42
2025-04-25 13:45:01.800950,62.36,62.4
2025-04-25 13:45:02.037728,62.36,62.41
2025-04-25 13:45:02.960961,62.37,62.41
2025-04-25 13:45:05.624004,62.38,62.43
2025-04-25 13:45:07.031574,62.39,62.42
2025-04-25 13:45:07.795611,62.36,62.4
2025-04-25 13:45:09.160056,62.39,62.43
2025-04-25 13:45:10.108591,62.38,62.42
2025-04-25 13:45:10.915782,62.37,62.41
2025-04-25 13:45:12.006306,62.38,62.43
2025-04-25 13:45:12.229843,62.36,62.41
2025-04-25 13:45:12.679482,62.39,62.42
2025-04-25 13:45:12.981804,62.38,62.41
2025-04-25 13:45:13.639034,62.38,62.43
2025-04-25 13:45:14.080802,62.38,62.41
2025-04-25 13:45:14.842428,62.36,62.4
2025-04-25 13:45:14.951596,62.37,62.4
2025-04-25 13:45:15.651848,62.36,62.41
2025-04-25 13:45:16.244632,62.37,62.41
2025-04-25 13:45:20.566720,62.38,62.43
2025-04-25 13:45:21.504060,62.38,62.42
2025-04-25 13:45:22.713747,62.37,62.41
2025-04-25 13:45:23.075911,62.38,62.42
2025-04-25 13:45:23.501644,62.37,62.42
2025-04-25 13:45:25.792546,62.37,62.41
2025-04-25 13:45:30.382027,62.4,62.44
2025-04-25 13:45:30.907875,62.41,62.44
2025-04-25 13:45:32.593042,62.38,62.42
2025-04-25 13:45:33.006797,62.39,62.43
2025-04-25 13:45:35.122736,62.38,62.43
2025-04-25 13:45:35.571308,62.4,62.43
2025-04-25 13:45:36.299808,62.41,62.45
2025-04-25 13:45:36.529570,62.4,62.45
2025-04-25 13:45:37.168738,62.39,62.43
2025-04-25 13:45:38.056482,62.42,62.47
2025-04-25 13:45:38.745955,62.41,62.45
2025-04-25 13:45:39.256544,62.42,62.46
2025-04-25 13:45:43.328410,62.43,62.48
2025-04-25 13:45:43.757074,62.42,62.47
2025-04-25 13:45:44.744886,62.44,62.48
2025-04-25 13:45:45.291026,62.42,62.47
2025-04-25 13:46:03.814854,62.45,62.49
2025-04-25 13:46:04.466344,62.43,62.47
2025-04-25 13:46:05.150733,62.45,62.49
2025-04-25 13:46:05.605322,62.43,62.47
2025-04-25 13:46:06.563067,62.45,62.48
2025-04-25 13:46:45.028823,62.45,62.49
2025-04-25 13:46:45.973574,62.46,62.49
2025-04-25 13:46:48.741677,62.43,62.47
2025-04-25 13:46:49.461950,62.44,62.47
2025-04-25 13:46:51.026982,62.46,62.5
2025-04-25 13:46:51.244041,62.45,62.48
2025-04-25 13:46:51.759610,62.44,62.49
2025-04-25 13:46:53.244120,62.46,62.5
2025-04-25 13:46:57.283013,62.43,62.48
2025-04-25 13:46:57.528736,62.46,62.49
2025-04-25 13:46:59.664649,62.45,62.49
2025-04-25 13:47:00.098157,62.43,62.47
2025-04-25 13:47:00.304105,62.46,62.5
2025-04-25 13:47:01.063048,62.45,62.49
2025-04-25 13:47:01.168870,62.45,62.5
2025-04-25 13:47:02.229791,62.43,62.47
2025-04-25 13:47:05.508109,62.44,62.48
2025-04-25 13:47:06.075854,62.45,62.49
2025-04-25 13:47:06.441244,62.43,62.46
2025-04-25 13:47:07.109495,62.44,62.48
2025-04-25 13:47:07.990045,62.42,62.47
2025-04-25 13:47:08.905045,62.45,62.48
2025-04-25 13:47:09.611482,62.42,62.45
2025-04-25 13:47:09.814595,62.44,62.49
2025-04-25 13:47:11.763195,62.44,62.48
2025-04-25 13:47:11.971417,62.42,62.46
2025-04-25 13:47:12.423059,62.44,62.48
2025-04-25 13:47:13.127614,62.46,62.51
2025-04-25 13:47:16.374170,62.45,62.5
2025-04-25 13:47:16.631566,62.45,62.49
2025-04-25 13:47:17.429677,62.48,62.51
2025-04-25 13:47:18.377386,62.48,62.53
2025-04-25 13:47:19.570222,62.46,62.51
2025-04-25 13:47:20.115574,62.49,62.53
2025-04-25 13:47:20.949064,62.47,62.5
2025-04-25 13:47:21.173350,62.5,62.54
2025-04-25 13:47:21.842407,62.49,62.53
2025-04-25 13:47:22.058157,62.52,62.55
2025-04-25 13:47:22.414441,62.5,62.53
2025-04-25 13:47:24.552973,62.49,62.53
2025-04-25 13:47:27.433201,62.5,62.55
2025-04-25 13:47:27.675095,62.46,62.51
2025-04-25 13:47:29.748733,62.49,62.52
2025-04-25 13:47:30.692230,62.47,62.52
2025-04-25 13:47:31.378955,62.49,62.53
2025-04-25 13:47:31.627833,62.48,62.52
2025-04-25 13:47:32.046986,62.49,62.54
2025-04-25 13:47:36.578619,62.48,62.52
2025-04-25 13:47:39.373385,62.47,62.51
2025-04-25 13:47:39.844939,62.49,62.54
2025-04-25 13:47:40.134467,62.49,62.52
2025-04-25 13:47:40.346753,62.49,62.53
2025-04-25 13:47:40.779710,62.49,62.52
2025-04-25 13:47:41.137233,62.46,62.5
2025-04-25 13:47:41.667288,62.48,62.52
2025-04-25 13:47:42.123445,62.47,62.5
2025-04-25 13:47:42.447826,62.46,62.5
2025-04-25 13:47:42.813162,62.49,62.53
2025-04-25 13:47:43.006573,62.46,62.51
2025-04-25 13:47:43.703721,62.49,62.53
2025-04-25 13:47:45.208625,62.48,62.52
2025-04-25 13:47:47.382571,62.46,62.5
2025-04-25 13:47:50.053950,62.47,62.51
2025-04-25 13:47:50.246178,62.48,62.51
2025-04-25 13:47:50.529628,62.46,62.5
2025-04-25 13:47:52.102581,62.48,62.51
2025-04-25 13:47:52.354257,62.48,62.53
2025-04-25 13:47:53.085436,62.49,62.52
2025-04-25 13:47:58.213389,62.46,62.5
2025-04-25 13:47:59.493423,62.47,62.5
2025-04-25 13:48:00.120172,62.48,62.53
2025-04-25 13:48:06.095133,62.45,62.5
2025-04-25 13:48:06.577908,62.45,62.48
2025-04-25 13:48:06.820483,62.45,62.5
2025-04-25 13:48:07.584403,62.47,62.52
2025-04-25 13:48:07.825440,62.46,62.49
2025-04-25 13:48:08.865330,62.46,62.51
2025-04-25 13:48:09.759702,62.49,62.52
2025-04-25 13:48:13.594507,62.48,62.53
2025-04-25 13:48:14.545292,62.49,62.52
2025-04-25 13:48:18.093173,62.46,62.5
2025-04-25 13:48:19.172823,62.47,62.5
2025-04-25 13:48:19.921062,62.49,62.53
2025-04-25 13:48:20.389091,62.5,62.53
2025-04-25 13:48:20.908893,62.47,62.5
2025-04-25 13:48:21.442517,62.49,62.54
2025-04-25 13:48:21.643838,62.47,62.51
2025-04-25 13:48:22.382870,62.49,62.53
2025-04-25 13:48:23.481761,62.49,62.52
2025-04-25 13:48:24.375266,62.48,62.53
2025-04-25 13:48:26.739862,62.46,62.5
2025-04-25 13:48:28.026778,62.48,62.53
2025-04-25 13:48:28.954661,62.49,62.52
2025-04-25 13:48:29.952160,62.46,62.49
2025-04-25 13:48:30.143160,62.48,62.52
2025-04-25 13:48:31.346669,62.45,62.49
2025-04-25 13:48:31.539799,62.44,62.48
2025-04-25 13:48:31.793594,62.46,62.5
2025-04-25 13:48:32.532033,62.45,62.48
2025-04-25 13:48:33.624849,62.46,62.5
2025-04-25 13:48:35.645210,62.44,62.47
2025-04-25 13:48:38.544675,62.47,62.51
2025-04-25 13:48:38.776136,62.48,62.52
2025-04-25 13:48:39.140859,62.45,62.5
2025-04-25 13:48:39.470358,62.46,62.5
2025-04-25 13:48:39.737460,62.45,62.49
2025-04-25 13:48:42.295551,62.48,62.52
2025-04-25 13:48:44.439389,62.47,62.52
2025-04-25 13:48:47.652539,62.45,62.49
2025-04-25 13:48:52.218307,62.46,62.51
2025-04-25 13:48:56.422962,62.47,62.51
2025-04-25 13:48:57.812174,62.47,62.52
2025-04-25 13:49:00.161941,62.44,62.49
2025-04-25 13:49:01.817844,62.47,62.51
2025-04-25 13:49:03.142457,62.46,62.5
2025-04-25 13:49:04.940348,62.46,62.51
2025-04-25 13:49:05.175911,62.46,62.5
2025-04-25 13:49:09.657519,62.47,62.52
2025-04-25 13:49:09.951075,62.45,62.48
2025-04-25 13:49:10.358267,62.47,62.52
2025-04-25 13:49:10.822196,62.46,62.5
2025-04-25 13:49:12.544565,62.47,62.51
2025-04-25 13:49:14.344807,62.48,62.52
2025-04-25 13:49:15.272412,62.46,62.5
2025-04-25 13:49:16.162802,62.47,62.51
2025-04-25 13:49:18.983006,62.48,62.52
2025-04-25 13:49:19.652973,62.48,62.53
2025-04-25 13:49:20.166807,62.49,62.53
2025-04-25 13:49:20.900450,62.46,62.51
2025-04-25 13:49:22.961752,62.49,62.54
2025-04-25 13:49:24.508461,62.5,62.55
2025-04-25 13:49:24.754259,62.48,62.52
2025-04-25 13:49:25.242489,62.5,62.54
2025-04-25 13:49:26.963545,62.51,62.54
2025-04-25 13:49:28.847884,62.51,62.55
2025-04-25 13:49:29.253601,62.52,62.55
2025-04-25 13:49:30.051381,62.51,62.56
2025-04-25 13:49:30.427899,62.51,62.55
2025-04-25 13:49:31.209496,62.49,62.52
2025-04-25 13:49:31.429348,62.5,62.54
2025-04-25 13:49:31.895336,62.47,62.52
2025-04-25 13:49:32.555046,62.51,62.55
2025-04-25 13:49:33.364759,62.5,62.55
2025-04-25 13:49:34.567814,62.51,62.55
2025-04-25 13:49:35.475235,62.48,62.52
2025-04-25 13:49:36.391998,62.49,62.53
2025-04-25 13:49:37.268817,62.51,62.55
2025-04-25 13:49:38.413531,62.51,62.54
2025-04-25 13:49:38.905398,62.51,62.55
2025-04-25 13:49:39.217973,62.51,62.54
2025-04-25 13:49:40.686571,62.5,62.55
2025-04-25 13:49:40.922622,62.48,62.51
2025-04-25 13:49:41.363065,62.48,62.53
2025-04-25 13:49:42.328096,62.5,62.54
2025-04-25 13:49:43.564886,62.48,62.52
2025-04-25 13:49:43.836710,62.51,62.56
2025-04-25 13:49:44.277858,62.5,62.53
2025-04-25 13:49:44.547903,62.47,62.51
2025-04-25 13:49:45.280827,62.5,62.53
2025-04-25 13:49:52.824453,62.5,62.54
2025-04-25 13:49:53.547081,62.48,62.51
2025-04-25 13:49:54.628174,62.5,62.54
2025-04-25 13:49:57.981888,62.5,62.55
2025-04-25 13:49:58.420373,62.48,62.52
2025-04-25 13:50:00.235039,62.49,62.52
2025-04-25 13:50:03.558815,62.48,62.52
2025-04-25 13:50:04.019959,62.49,62.53
2025-04-25 13:50:04.708032,62.49,62.54
2025-04-25 13:50:05.596532,62.49,62.52
2025-04-25 13:50:05.831202,62.46,62.5
2025-04-25 13:50:06.941007,62.46,62.49
2025-04-25 13:50:09.412464,62.46,62.51
2025-04-25 13:50:09.693698,62.47,62.52
2025-04-25 13:50:10.054528,62.49,62.53
2025-04-25 13:50:10.619739,62.47,62.52
2025-04-25 13:50:10.995713,62.49,62.54
2025-04-25 13:50:17.269233,62.49,62.53
2025-04-25 13:50:18.268280,62.47,62.51
2025-04-25 13:50:18.853572,62.5,62.55
2025-04-25 13:50:20.976246,62.49,62.53
2025-04-25 13:50:21.403328,62.48,62.52
2025-04-25 13:50:23.512152,62.5,62.55
2025-04-25 13:50:24.167446,62.48,62.52
2025-04-25 13:50:24.342864,62.5,62.53
2025-04-25 13:50:25.017656,62.47,62.51
2025-04-25 13:50:25.607066,62.49,62.52
2025-04-25 13:50:31.572041,62.49,62.53
2025-04-25 13:50:35.272983,62.48,62.52
2025-04-25 13:50:35.744776,62.49,62.52
2025-04-25 13:50:38.117689,62.49,62.53
2025-04-25 13:50:40.761606,62.48,62.52
2025-04-25 13:50:42.072486,62.5,62.54
2025-04-25 13:50:43.194035,62.49,62.54
2025-04-25 13:50:44.134081,62.49,62.52
2025-04-25 13:50:45.635034,62.49,62.53
2025-04-25 13:50:46.565218,62.48,62.52
2025-04-25 13:50:53.394860,62.5,62.54
2025-04-25 13:50:54.126769,62.52,62.55
2025-04-25 13:50:54.390002,62.51,62.55
2025-04-25 13:50:57.353503,62.49,62.53
2025-04-25 13:50:57.595340,62.51,62.55
2025-04-25 13:50:58.551137,62.49,62.52
2025-04-25 13:50:59.423163,62.52,62.56
2025-04-25 13:50:59.875219,62.5,62.55
2025-04-25 13:51:00.612498,62.5,62.53
2025-04-25 13:51:00.986324,62.5,62.54
2025-04-25 13:51:01.659454,62.52,62.55
2025-04-25 13:51:01.857479,62.52,62.56
2025-04-25 13:51:03.451363,62.53,62.58
2025-04-25 13:51:04.434688,62.53,62.57
2025-04-25 13:51:05.387717,62.51,62.55
2025-04-25 13:51:05.903719,62.53,62.57
2025-04-25 13:51:06.125338,62.5,62.54
2025-04-25 13:51:06.812027,62.52,62.55
2025-04-25 13:51:08.093993,62.5,62.53
2025-04-25 13:51:08.717721,62.52,62.56
2025-04-25 13:51:09.628308,62.5,62.54
2025-04-25 13:51:09.870443,62.49,62.53
2025-04-25 13:51:10.323003,62.5,62.55
2025-04-25 13:51:10.639221,62.48,62.53
2025-04-25 13:51:12.043005,62.51,62.55
2025-04-25 13:51:12.726743,62.48,62.52
2025-04-25 13:51:12.946644,62.51,62.54
2025-04-25 13:51:14.511096,62.48,62.53
2025-04-25 13:51:14.963922,62.51,62.54
2025-04-25 13:51:15.789195,62.49,62.53
2025-04-25 13:51:16.045262,62.49,62.54
2025-04-25 13:51:16.949055,62.51,62.55
2025-04-25 13:51:17.447349,62.53,62.57
2025-04-25 13:51:17.682055,62.54,62.58
2025-04-25 13:51:24.207811,62.55,62.6
2025-04-25 13:51:27.479504,62.56,62.61
2025-04-25 13:51:27.921583,62.57,62.6
2025-04-25 13:51:28.291900,62.54,62.58
2025-04-25 13:51:28.893155,62.53,62.58
2025-04-25 13:51:29.095211,62.53,62.56
2025-04-25 13:51:30.791416,62.52,62.57
2025-04-25 13:51:31.043965,62.54,62.58
2025-04-25 13:51:35.311442,62.53,62.58
2025-04-25 13:51:39.296888,62.51,62.56
2025-04-25 13:51:39.673567,62.49,62.52
2025-04-25 13:51:39.877802,62.51,62.55
2025-04-25 13:51:40.310531,62.52,62.56
2025-04-25 13:51:40.512053,62.51,62.56
2025-04-25 13:51:40.949827,62.49,62.54
2025-04-25 13:51:41.696967,62.5,62.53
2025-04-25 13:51:42.954727,62.52,62.57
2025-04-25 13:51:45.756546,62.52,62.55
2025-04-25 13:51:47.223912,62.52,62.57
2025-04-25 13:51:48.831907,62.52,62.56
2025-04-25 13:51:50.401798,62.52,62.57
2025-04-25 13:51:51.873809,62.52,62.55
2025-04-25 13:51:52.572744,62.52,62.56
2025-04-25 13:51:54.422880,62.54,62.57
2025-04-25 13:51:55.278977,62.52,62.57
2025-04-25 13:51:55.623528,62.55,62.58
2025-04-25 13:51:59.022491,62.54,62.57
2025-04-25 13:52:00.271761,62.53,62.58
2025-04-25 13:52:03.090439,62.54,62.59
2025-04-25 13:52:05.990089,62.52,62.55
2025-04-25 13:52:07.621125,62.53,62.57
2025-04-25 13:52:09.191847,62.52,62.56
2025-04-25 13:52:09.438928,62.5,62.54
2025-04-25 13:52:10.091590,62.51,62.55
2025-04-25 13:52:10.488421,62.5,62.53
2025-04-25 13:52:11.003421,62.52,62.57
2025-04-25 13:52:12.084615,62.53,62.57
2025-04-25 13:52:13.940295,62.5,62.55
2025-04-25 13:52:15.560625,62.49,62.53
2025-04-25 13:52:19.189866,62.51,62.55
2025-04-25 13:52:21.885576,62.51,62.56
2025-04-25 13:52:22.392772,62.5,62.54
2025-04-25 13:52:23.319962,62.52,62.56
2025-04-25 13:52:24.006859,62.53,62.57
2025-04-25 13:52:24.475720,62.5,62.54
2025-04-25 13:52:25.886834,62.52,62.56
2025-04-25 13:52:26.709714,62.49,62.53
2025-04-25 13:52:27.082996,62.52,62.56
2025-04-25 13:52:30.176919,62.5,62.54
2025-04-25 13:52:32.638052,62.5,62.53
2025-04-25 13:52:36.356191,62.52,62.56
2025-04-25 13:52:39.214689,62.51,62.55
2025-04-25 13:52:39.541839,62.52,62.55
2025-04-25 13:52:39.902460,62.5,62.54
2025-04-25 13:52:40.204558,62.52,62.56
2025-04-25 13:52:41.822681,62.54,62.58
2025-04-25 13:52:49.096312,62.53,62.56
2025-04-25 13:52:49.545077,62.53,62.58
2025-04-25 13:52:50.523923,62.54,62.58
2025-04-25 13:52:54.542561,62.52,62.56
2025-04-25 13:52:56.892320,62.54,62.58
2025-04-25 13:52:59.817709,62.52,62.56
2025-04-25 13:53:02.434466,62.52,62.57
2025-04-25 13:53:03.100710,62.54,62.58
2025-04-25 13:53:03.503490,62.53,62.57
2025-04-25 13:53:04.666879,62.52,62.56
2025-04-25 13:53:05.203874,62.54,62.58
2025-04-25 13:53:05.864473,62.52,62.55
2025-04-25 13:53:08.220567,62.52,62.56
2025-04-25 13:53:09.722358,62.53,62.56
2025-04-25 13:53:10.502030,62.55,62.6
2025-04-25 13:53:10.918203,62.54,62.58
2025-04-25 13:53:11.169095,62.57,62.6
2025-04-25 13:53:11.934666,62.54,62.58
2025-04-25 13:53:15.827189,62.56,62.61
2025-04-25 13:53:17.338172,62.56,62.6
2025-04-25 13:53:17.718609,62.56,62.61
2025-04-25 13:53:18.605916,62.54,62.58
2025-04-25 13:53:21.287220,62.54,62.59
2025-04-25 13:53:22.184076,62.55,62.6
2025-04-25 13:53:23.230429,62.54,62.59
2025-04-25 13:53:23.808222,62.52,62.56
2025-04-25 13:53:24.452132,62.54,62.59
2025-04-25 13:53:25.151029,62.55,62.59
2025-04-25 13:53:31.870022,62.54,62.59
2025-04-25 13:53:36.083304,62.53,62.57
2025-04-25 13:53:38.804320,62.54,62.58
2025-04-25 13:53:39.502841,62.53,62.56
2025-04-25 13:53:40.072495,62.53,62.57
2025-04-25 13:53:41.183393,62.51,62.54
2025-04-25 13:53:43.640665,62.51,62.55
2025-04-25 13:53:46.904507,62.52,62.57
2025-04-25 13:53:47.220920,62.54,62.58
2025-04-25 13:53:48.536949,62.55,62.59
2025-04-25 13:53:51.239249,62.54,62.58
2025-04-25 13:53:52.271758,62.54,62.59
2025-04-25 13:53:52.790417,62.52,62.55
2025-04-25 13:53:54.141804,62.53,62.57
2025-04-25 13:53:54.574608,62.51,62.55
2025-04-25 13:53:55.723334,62.54,62.59
2025-04-25 13:53:55.916371,62.55,62.58
2025-04-25 13:53:59.033951,62.52,62.56
2025-04-25 13:54:00.685025,62.53,62.57
2025-04-25 13:54:01.623148,62.52,62.57
2025-04-25 13:54:01.867036,62.52,62.56
2025-04-25 13:54:02.330090,62.52,62.55
2025-04-25 13:54:08.491086,62.54,62.58
2025-04-25 13:54:08.742641,62.55,62.58
2025-04-25 13:54:09.924461,62.52,62.56
2025-04-25 13:54:11.520196,62.55,62.58
2025-04-25 13:54:11.772246,62.52,62.56
2025-04-25 13:54:13.593468,62.55,62.59
2025-04-25 13:54:14.295143,62.53,62.57
2025-04-25 13:54:14.528822,62.56,62.59
2025-04-25 13:54:15.881207,62.55,62.59
2025-04-25 13:54:17.434689,62.56,62.59
2025-04-25 13:54:17.899847,62.55,62.6
2025-04-25 13:54:19.970090,62.56,62.6
2025-04-25 13:54:20.972593,62.54,62.58
2025-04-25 13:54:21.448196,62.55,62.6
2025-04-25 13:54:21.718714,62.53,62.57
2025-04-25 13:54:22.896236,62.56,62.6
2025-04-25 13:54:23.376665,62.54,62.58
2025-04-25 13:54:23.595172,62.56,62.61
2025-04-25 13:54:24.691893,62.54,62.58
2025-04-25 13:54:28.645341,62.57,62.61
2025-04-25 13:54:30.184377,62.54,62.58
2025-04-25 13:54:31.135923,62.57,62.61
2025-04-25 13:54:36.051101,62.54,62.58
2025-04-25 13:54:45.425296,62.55,62.6
2025-04-25 13:54:47.720712,62.54,62.57
2025-04-25 13:54:55.432805,62.53,62.57
2025-04-25 13:54:59.097318,62.53,62.58
2025-04-25 13:54:59.331843,62.55,62.59
2025-04-25 13:54:59.917187,62.53,62.58
2025-04-25 13:55:00.283616,62.53,62.57
2025-04-25 13:55:02.800099,62.54,62.57
2025-04-25 13:55:03.286162,62.55,62.59
2025-04-25 13:55:03.714049,62.53,62.57
2025-04-25 13:55:04.486808,62.56,62.59
2025-04-25 13:55:04.717691,62.56,62.61
2025-04-25 13:55:04.970200,62.55,62.58
2025-04-25 13:55:05.515974,62.56,62.61
2025-04-25 13:55:05.952190,62.55,62.59
2025-04-25 13:55:08.748645,62.56,62.6
2025-04-25 13:55:09.170844,62.54,62.59
2025-04-25 13:55:12.088473,62.54,62.57
2025-04-25 13:55:15.629440,62.55,62.6
2025-04-25 13:55:18.599826,62.53,62.56
2025-04-25 13:55:20.331472,62.55,62.59
2025-04-25 13:55:21.264215,62.56,62.59
2025-04-25 13:55:22.204213,62.56,62.6
2025-04-25 13:55:23.743573,62.55,62.6
2025-04-25 13:55:24.257549,62.55,62.59
2025-04-25 13:55:25.095361,62.52,62.55
2025-04-25 13:55:25.751866,62.55,62.58
2025-04-25 13:55:26.432452,62.52,62.57
2025-04-25 13:55:26.957119,62.54,62.57
2025-04-25 13:55:27.878179,62.54,62.58
2025-04-25 13:55:28.197322,62.58,62.61
2025-04-25 13:55:29.516793,62.55,62.6
2025-04-25 13:55:30.419715,62.55,62.59
2025-04-25 13:55:31.016920,62.55,62.6
2025-04-25 13:55:32.565117,62.58,62.63
2025-04-25 13:55:33.288325,62.56,62.6
2025-04-25 13:55:33.493905,62.59,62.63
2025-04-25 13:55:35.443661,62.57,62.62
2025-04-25 13:55:36.113822,62.56,62.6
2025-04-25 13:55:37.397614,62.57,62.6
2025-04-25 13:55:37.672195,62.58,62.62
2025-04-25 13:55:38.144209,62.57,62.6
2025-04-25 13:55:48.227242,62.56,62.6
2025-04-25 13:55:49.479710,62.58,62.62
2025-04-25 13:55:50.134119,62.59,62.63
2025-04-25 13:55:51.091852,62.57,62.61
2025-04-25 13:55:51.638274,62.59,62.64
2025-04-25 13:55:52.473364,62.59,62.62
2025-04-25 13:55:56.046439,62.58,62.62
2025-04-25 13:55:56.332964,62.57,62.62
2025-04-25 13:55:59.703931,62.56,62.61
2025-04-25 13:55:59.894483,62.57,62.6
2025-04-25 13:56:00.167008,62.55,62.59
2025-04-25 13:56:00.423306,62.54,62.59
2025-04-25 13:56:00.648547,62.54,62.57
2025-04-25 13:56:01.879566,62.54,62.58
2025-04-25 13:56:03.801172,62.55,62.58
2025-04-25 13:56:08.557699,62.56,62.61
2025-04-25 13:56:09.590755,62.56,62.59
2025-04-25 13:56:10.761118,62.54,62.59
2025-04-25 13:56:11.929345,62.56,62.6
2025-04-25 13:56:12.624519,62.54,62.59
2025-04-25 13:56:14.138942,62.54,62.57
2025-04-25 13:56:15.863884,62.56,62.61
2025-04-25 13:56:17.232579,62.56,62.59
2025-04-25 13:56:19.243942,62.56,62.61
2025-04-25 13:56:21.837805,62.54,62.57
2025-04-25 13:56:22.230563,62.55,62.59
2025-04-25 13:56:22.862740,62.54,62.58
2025-04-25 13:56:23.101785,62.55,62.58
2025-04-25 13:56:23.806972,62.54,62.57
2025-04-25 13:56:24.202044,62.52,62.56
2025-04-25 13:56:24.934313,62.54,62.59
2025-04-25 13:56:25.541770,62.55,62.58
2025-04-25 13:56:26.547251,62.54,62.59
2025-04-25 13:56:29.459473,62.52,62.56
2025-04-25 13:56:31.521555,62.53,62.57
2025-04-25 13:56:32.028848,62.53,62.56
2025-04-25 13:56:32.412734,62.51,62.56
2025-04-25 13:56:32.772648,62.53,62.56
2025-04-25 13:56:33.676622,62.53,62.58
2025-04-25 13:56:34.008742,62.54,62.57
2025-04-25 13:56:34.551917,62.53,62.56
2025-04-25 13:56:35.430086,62.52,62.57
2025-04-25 13:56:35.882565,62.54,62.58
2025-04-25 13:56:36.088435,62.51,62.54
2025-04-25 13:56:36.317530,62.53,62.58
2025-04-25 13:56:42.367588,62.52,62.55
2025-04-25 13:56:43.391239,62.52,62.57
2025-04-25 13:56:44.143470,62.52,62.55
2025-04-25 13:56:45.088683,62.54,62.59
2025-04-25 13:56:47.583698,62.51,62.56
2025-04-25 13:56:48.147312,62.54,62.58
2025-04-25 13:56:49.784123,62.51,62.56
2025-04-25 13:56:50.820812,62.52,62.56
2025-04-25 13:56:52.164094,62.51,62.56
2025-04-25 13:56:56.157251,62.54,62.57
2025-04-25 13:56:57.574732,62.52,62.56
2025-04-25 13:56:59.519487,62.52,62.55
2025-04-25 13:56:59.550982,62.51,62.56
2025-04-25 13:57:00.987747,62.54,62.58
2025-04-25 13:57:02.153652,62.51,62.56
2025-04-25 13:57:02.700941,62.53,62.56
2025-04-25 13:57:03.115977,62.53,62.57
2025-04-25 13:57:05.516019,62.52,62.55
2025-04-25 13:57:05.766994,62.53,62.57
2025-04-25 13:57:06.212844,62.51,62.56
2025-04-25 13:57:08.439652,62.54,62.58
2025-04-25 13:57:09.160179,62.51,62.55
2025-04-25 13:57:10.305163,62.54,62.57
2025-04-25 13:57:11.030314,62.51,62.55
2025-04-25 13:57:12.207325,62.52,62.58
2025-04-25 13:57:14.173327,62.52,62.56
2025-04-25 13:57:15.403835,62.51,62.55
2025-04-25 13:57:18.094777,62.51,62.56
2025-04-25 13:57:19.280140,62.49,62.53
2025-04-25 13:57:21.068824,62.52,62.55
2025-04-25 13:57:22.597774,62.52,62.56
2025-04-25 13:57:22.851435,62.51,62.56
2025-04-25 13:57:25.759864,62.52,62.57
2025-04-25 13:57:26.005905,62.5,62.55
2025-04-25 13:57:26.867994,62.52,62.55
2025-04-25 13:57:29.618478,62.51,62.54
2025-04-25 13:57:29.896966,62.5,62.55
2025-04-25 13:57:37.614550,62.52,62.57
2025-04-25 13:57:38.604744,62.51,62.56
2025-04-25 13:57:39.785958,62.5,62.54
2025-04-25 13:57:46.122145,62.49,62.54
2025-04-25 13:57:49.351830,62.5,62.53
2025-04-25 13:57:52.478433,62.52,62.56
2025-04-25 13:57:52.839625,62.53,62.56
2025-04-25 13:57:53.385490,62.52,62.56
2025-04-25 13:57:53.616876,62.51,62.56
2025-04-25 13:57:54.325899,62.49,62.52
2025-04-25 13:57:54.832633,62.51,62.56
2025-04-25 13:58:00.239478,62.52,62.56
2025-04-25 13:58:02.257515,62.5,62.55
2025-04-25 13:58:02.969266,62.5,62.53
2025-04-25 13:58:04.411882,62.5,62.54
2025-04-25 13:58:04.714681,62.51,62.55
2025-04-25 13:58:05.521869,62.53,62.56
2025-04-25 13:58:06.151823,62.51,62.55
2025-04-25 13:58:14.948522,62.5,62.54
2025-04-25 13:58:15.187593,62.53,62.57
2025-04-25 13:58:16.835930,62.5,62.54
2025-04-25 13:58:17.070595,62.52,62.56
2025-04-25 13:58:17.821192,62.53,62.57
2025-04-25 13:58:20.370653,62.5,62.55
2025-04-25 13:58:20.940521,62.51,62.55
2025-04-25 13:58:22.139893,62.5,62.54
2025-04-25 13:58:23.563101,62.5,62.53
2025-04-25 13:58:26.046251,62.53,62.57
2025-04-25 13:58:29.383718,62.5,62.54
2025-04-25 13:58:30.532893,62.5,62.53
2025-04-25 13:58:31.456620,62.52,62.56
2025-04-25 13:58:33.634677,62.51,62.55
2025-04-25 13:58:34.808352,62.5,62.53
2025-04-25 13:58:36.787593,62.49,62.53
2025-04-25 13:58:37.794801,62.51,62.54
2025-04-25 13:58:37.921987,62.48,62.52
2025-04-25 13:58:38.354945,62.49,62.52
2025-04-25 13:58:39.569395,62.47,62.52
2025-04-25 13:58:40.263061,62.5,62.54
2025-04-25 13:58:41.556445,62.51,62.56
2025-04-25 13:58:46.837205,62.49,62.53
2025-04-25 13:58:48.576184,62.52,62.56
2025-04-25 13:58:50.012187,62.53,62.56
2025-04-25 13:58:50.378182,62.51,62.56
2025-04-25 13:58:51.029806,62.51,62.55
2025-04-25 13:58:53.359759,62.53,62.58
2025-04-25 13:58:53.578232,62.53,62.57
2025-04-25 13:58:53.781611,62.52,62.55
2025-04-25 13:58:57.704673,62.5,62.55
2025-04-25 13:58:59.282506,62.53,62.56
2025-04-25 13:58:59.787137,62.52,62.57
2025-04-25 13:59:00.653162,62.5,62.55
2025-04-25 13:59:01.130696,62.52,62.55
2025-04-25 13:59:01.834229,62.51,62.55
2025-04-25 13:59:03.011139,62.5,62.54
2025-04-25 13:59:03.971408,62.51,62.55
2025-04-25 13:59:04.478537,62.5,62.54
2025-04-25 13:59:05.035854,62.49,62.52
2025-04-25 13:59:05.482389,62.49,62.53
2025-04-25 13:59:05.687548,62.49,62.52
2025-04-25 13:59:06.087298,62.51,62.56
2025-04-25 13:59:06.381796,62.49,62.52
2025-04-25 13:59:06.870234,62.48,62.53
2025-04-25 13:59:07.084398,62.48,62.51
2025-04-25 13:59:08.946038,62.51,62.54
2025-04-25 13:59:09.724441,62.48,62.51
2025-04-25 13:59:11.651827,62.51,62.54
2025-04-25 13:59:12.115544,62.51,62.55
2025-04-25 13:59:12.211269,62.49,62.53
2025-04-25 13:59:13.252393,62.48,62.52
2025-04-25 13:59:14.273631,62.48,62.51
2025-04-25 13:59:16.797082,62.48,62.52
2025-04-25 13:59:17.010365,62.48,62.51
2025-04-25 13:59:17.550341,62.48,62.52
2025-04-25 13:59:18.521949,62.51,62.54
2025-04-25 13:59:18.833123,62.5,62.53
2025-04-25 13:59:21.372437,62.5,62.54
2025-04-25 13:59:22.566521,62.49,62.53
2025-04-25 13:59:24.773492,62.5,62.54
2025-04-25 13:59:25.181019,62.46,62.5
2025-04-25 13:59:26.602543,62.47,62.52
2025-04-25 13:59:27.309870,62.48,62.52
2025-04-25 13:59:28.048696,62.49,62.52
2025-04-25 13:59:28.559406,62.48,62.52
2025-04-25 13:59:30.028304,62.49,62.53
2025-04-25 13:59:30.527906,62.48,62.53
2025-04-25 13:59:31.199211,62.47,62.5
2025-04-25 13:59:31.980278,62.47,62.52
2025-04-25 13:59:34.706651,62.48,62.52
2025-04-25 13:59:34.979327,62.49,62.53
2025-04-25 13:59:36.015505,62.48,62.53
2025-04-25 13:59:38.299883,62.47,62.5
2025-04-25 13:59:40.082239,62.47,62.51
2025-04-25 13:59:44.153989,62.48,62.51
2025-04-25 13:59:44.594172,62.49,62.52
2025-04-25 13:59:49.131313,62.49,62.54
2025-04-25 13:59:49.747789,62.49,62.52
2025-04-25 13:59:54.329954,62.46,62.5
2025-04-25 13:59:57.534886,62.48,62.52
2025-04-25 13:59:57.630902,62.47,62.51
